3200 5217
1528 498 1969 567 mm...

806 677 1115 765 Coeletae,
1186 683 1238 743 si
1305 692 1470 744 reete
1536 684 1828 744 Mullerus
1894 682 2093 743 locum
2159 680 2372 763 Steph.
2444 681 2589 763 Byz.
2659 680 2739 763 (s.
2807 701 2866 744 v.

640 777 1007 853 Ίραυσιανοί
1064 806 1141 819 -
1212 773 1287 835 ef.
1352 774 1684 854 proximam
1752 792 1809 853 p.
1868 771 2006 837 adn.
2060 770 2125 855 2)
2189 770 2560 848 emendavit,
2623 772 2871 834 Transis

629 864 812 924 vieini
842 871 1042 939 erant3
1075 861 1137 923 id
1170 861 1330 944 quod
1354 861 1683 923 Ptolemaei
1709 864 2159 923 enumeratione
2183 862 2522 924 confirmari
2550 861 2788 924 videtur
2805 862 2868 944 ¹).

717 981 930 1055 VIII.
982 981 1325 1073 Sapaiea.

805 1097 1072 1157 Dumont
1116 1117 1176 1178 p.
1213 1098 1372 1159 362:
1422 1091 1541 1157 ἀνὰ
1573 1093 1903 1175 Σαπαϊκὴν
1934 1095 2263 1177 ἐρίβωλον.
2354 1095 2630 1161 CIRhen.
2671 1097 2870 1159 1524:

644 1188 806 1248 eives
850 1183 1236 1269 Sappa[e]us.

806 1275 1027 1356 Sapaei
1050 1273 1213 1356 apud
1233 1274 1432 1339 Strab.
1456 1277 1491 1334 7
1500 1296 1516 1351 ς
1561 1275 1633 1339 fr.
1662 1279 1743 1336 44
1772 1274 2090 1336 traduntur
2115 1295 2297 1356 supra
2326 1278 2575 1338 Θασίων
2606 1273 2875 1351 κεφαλάς

636 1365 1133 1446 (promontorium
1163 1374 1311 1446 puto
1345 1363 1664 1445 quoddam,
1713 1385 1904 1446 prope
1935 1366 2224 1425 Ismarum
2254 1363 2508 1448 Lacum)
2549 1365 2870 1430 habitasse.

631 1455 786 1515 Item
832 1457 898 1515 in
941 1454 1014 1515 fr.
1050 1456 1157 1529 47,
1206 1454 1475 1515 accolere
1522 1453 1800 1515 dicuntur
1848 1452 2096 1534 Odrysis
2143 1464 2203 1515 et
2231 1455 2449 1518 Bessis.
2527 1455 2689 1516 Ante
2727 1475 2872 1516 vero

631 1541 946 1605 Strabonis
980 1553 1235 1605 aetatem
1278 1543 1558 1605 videntur
1604 1545 1782 1605 etiam
1813 1552 1979 1604 trans
2010 1544 2265 1605 Nestum
2295 1564 2486 1626 prope
2518 1544 2872 1624 Pangaeum

627 1643 889 1695 montem
953 1644 1013 1694 et
1066 1635 1132 1693 in
1185 1633 1397 1694 insulis
1441 1634 1647 1694 Thaso
1703 1643 1765 1694 et
1808 1634 2037 1695 Lemno
2081 1634 2419 1709 habitasse,
2477 1632 2540 1693 id
2585 1633 2749 1715 quod
2796 1632 2872 1695 ad

629 1732 893 1784 nostram
938 1744 1067 1784 rem
1115 1743 1236 1784 non
1279 1732 1512 1803 spectat
1528 1719 1594 1804 ²).

811 1813 963 1873 Illae
1004 1811 1246 1894 quidem
1279 1816 1527 1874 Θασίων
1557 1816 1825 1889 κεφαλαί
1864 1833 2050 1892 prope
2093 1813 2385 1873 Ismarum
2433 1814 2628 1873 lacum
2674 1815 2872 1874 neseio

639 1901 787 1982 quid
847 1901 1014 1963 aliud
1075 1922 1205 1963 esse
1267 1904 1518 1983 possint,
1585 1922 1767 1982 quam
1828 1903 1957 1983 ipse
2002 1902 2265 1963 Ismarus
2323 1923 2493 1964 mons
2551 1902 2661 1963 ubi
2716 1903 2874 1963 inter

631 1993 979 2053 Maroneam
1025 2006 1086 2052 et
1132 1994 1413 2072 Strymon
1469 1990 1692 2072 oppida
1743 1992 1887 2052 litus
1933 1993 2114 2053 maris
2162 1991 2289 2053 adit
2306 1988 2381 2076 ⁸).
2477 1991 2571 2053 Ad
2617 1990 2873 2053 eundem

630 2090 894 2142 montem
947 2082 1138 2143 latere
1192 2080 1629 2143 mediterraneo
1685 2080 1963 2161 ponenda
2017 2091 2161 2142 sunt
2201 2084 2384 2142 etiam
2447 2077 2523 2142 τὰ
2567 2084 2875 2144 Σαπαίων

631 2167 816 2233 στενά
832 2167 909 2253 4).

807 2260 958 2322 Cum
1004 2270 1203 2322 autem
1272 2262 1581 2339 regionem
1594 2306 1611 2336 ,
1677 2281 1835 2341 quae
1878 2261 2103 2321 Ismaro
2164 2262 2349 2322 monti
2408 2281 2447 2321 a
2489 2261 2680 2322 latere
2724 2263 2872 2322 oeei·

630 2348 861 2411 dentali
925 2349 1193 2425 adiacet,
1261 2351 1573 2411 Drosieam
1631 2351 1816 2411 fnisse
1872 2352 2223 2430 strategiam
2273 2371 2469 2431 supra
2525 2350 2871 2426 viderimus,

629 2449 815 2521 atque
862 2441 1086 2521 Sapaei
1131 2438 1449 2500 tradantur
1480 2441 1679 2501 Bessis
1710 2449 1773 2501 et
1802 2438 2052 2519 Odrysis
2084 2441 2433 2516 aeooluisse,
2483 2439 2867 2502 statuendum

629 2528 890 2602 videtur,
938 2529 1254 2610 Sapaieam
1298 2532 1650 2610 soeategiam
1695 2530 1773 2589 ab
1806 2531 2029 2591 Ismaro
2075 2539 2277 2591 monte
2322 2532 2388 2590 in
2424 2531 2645 2592 vallem
2675 2530 2869 2592 Hebri

629 2619 894 2680 fluminis
982 2621 1372 2700 pertinuisse,
1462 2621 1891 2699 strategiisque
1957 2620 2259 2681 Coeletiea
2335 2630 2397 2681 et
2470 2622 2723 2682 Drosioa
2793 2620 2877 2680 ab

640 2707 976 2781 occidente,
1038 2709 1246 2770 Hebro
1288 2709 1537 2770 flumine
1598 2709 1680 2769 ab
1721 2711 1952 2770 oriente
1996 2719 2059 2771 et
2104 2730 2142 2770 a
2187 2712 2597 2791 septentrione
2642 2711 2872 2771 finitam

638 2818 771 2860 esse
818 2800 918 2877 (cf.
965 2799 1167 2877 infra).

721 2917 858 2991 IX.
908 2913 1314 3008 Corpil'iea.

807 3028 1024 3091 Strabo
1074 3031 1133 3104 7,
1192 3031 1266 3096 fr.
1306 3031 1419 3092 58:
1485 3027 1521 3109 ἡ
1566 3031 1683 3104 μὲν
1744 3027 1863 3110 γὰρ
1911 3028 2101 3105 Αἶνος
2160 3026 2317 3106 κατὰ
2380 3028 2494 3110 τὴν
2557 3030 2874 3112 πρότερον

637 3115 1009 3197 Ἀψυνθίδα,
1058 3121 1178 3182 νῦν
1224 3122 1291 3181 δὲ
1337 3115 1726 3198 Κορπιλικὴν
1789 3120 2148 3197 λεγομένην,
2199 3115 2238 3199 ἡ
2281 3123 2353 3183 δὲ
2400 3127 2534 3184 τῶν
2581 3120 2872 3186 Κικόνων

631 3209 849 3289 ἐφεξῆς
891 3205 1052 3290 πρὸς
1098 3208 1291 3272 δύσιν.
1374 3208 1464 3272 Of.
1498 3209 1641 3275 ibid.
1673 3232 1733 3291 p.
1771 3211 1895 3270 331
1931 3220 1995 3270 et
2023 3209 2224 3288 Steph.
2257 3213 2399 3291 Byz.
2432 3231 2481 3273 s.
2516 3233 2615 3273 vv.
2665 3210 2871 3286 Αἶνος,

631 3305 959 3378 Κορπῖλοι,
1024 3297 1355 3375 Ἀψίνθιοι.
1447 3298 1673 3364 Herod.
1724 3301 1783 3380 6,
1834 3302 1951 3360 34:
2021 3297 2224 3375 Εἶχον
2269 3298 2575 3378 Δόλογκοι
2619 3300 2876 3382 Θρήϊκες

630 3385 744 3468 τὴν
806 3386 1213 3467 Χερσόνησον
1274 3385 1527 3466 ταύτην.
1638 3379 1817 3450 οὗτοι
1882 3383 1979 3451 ὧν
2026 3435 2041 3451 .
2082 3437 2094 3450 .
2134 3439 2148 3453 .
2211 3390 2561 3465 πιεσθέντες
2617 3391 2873 3473 πολέμῳ

627 3474 754 3540 ὑπὸ
814 3476 1159 3554 Ἀψινθίων
1218 3476 1279 3551 ἐς
1341 3474 1619 3554 Δελφοὺς
1680 3476 1998 3556 ἔπεμψαν.
2028 3525 2043 3539 .
2069 3525 2083 3539 .
2107 3525 2124 3541 .
2176 3478 2517 3559 Μιλτιάδης
2545 3527 2558 3541 .
2586 3532 2599 3543 .
2630 3527 2644 3542 .
2672 3527 2686 3541 .
2737 3475 2873 3542 ἀπε-

812 3670 857 3740 ²)
895 3670 978 3726 De
1017 3668 1368 3726 Goeletarum
1407 3678 1507 3727 aut
1546 3670 1862 3727 Coeletioae
1901 3670 2213 3742 strategiae
2262 3687 2385 3727 oum
2419 3671 2718 3743 municipio
2756 3671 2872 3729 Ael.

639 3740 804 3797 Coela
840 3741 899 3797 in
933 3741 1277 3798 Chersoneso
1313 3742 1592 3798 affinitate
1629 3741 1863 3799 nominis
1901 3757 1971 3797 ne
2009 3743 2200 3814 cogita
2238 3743 2474 3812 quidem.
2539 3743 2683 3800 Num
2717 3750 2872 3801 reete

630 3828 828 3869 nomen
866 3812 1053 3884 gentis
1092 3818 1244 3869 certe
1269 3815 1536 3870 barbarae
1562 3815 1715 3884 Pape
1742 3830 1784 3870 s.
1810 3829 1863 3869 v.
1890 3830 1924 3869 a
1960 3830 2167 3884 graeca
2203 3831 2340 3872 voce
2378 3813 2531 3867 κοῖλα
2572 3817 2667 3889 (=
2691 3815 2873 3888 vallis)

630 3884 885 3988 derivante
922 3884 1185 3952 voluerit,
1223 3885 1582 3943 vehementer
1620 3885 1826 3941 dubito.

776 4103 777 4106 Ἴ
815 3956 859 4099 8))
894 3956 1072 4094 {⁸533
1109 3960 1545 4097 {ffssgbnzgrium
1601 4043 1768 4099 saepe
1824 4027 2070 4084 Serrium
2128 4028 2350 4085 dieitur.
2425 4030 2567 4087 Vide
2623 4030 2871 4101 Kiepert,

633 4097 831 4155 Lehrb.
868 4116 918 4168 p.
960 4101 1082 4167 324,
1123 4100 1246 4157 adn.
1285 4103 1335 4155 2.

809 4169 853 4239 ⁴²)
893 4171 1124 4240 Appian.
1175 4170 1211 4225 1.
1252 4189 1298 4229 c.
1347 4175 1406 4240 4,
1456 4172 1525 4228 87
1577 4177 1638 4227 et
1688 4171 1804 4228 102.
1887 4170 1996 4227 Ubi
2042 4178 2228 4228 tamen
2274 4171 2576 4242 Kiepertus
2623 4173 2660 4229 l.
2701 4191 2747 4228 e.
2798 4171 2871 4224 τὰ

633 4239 924 4314 Κορπίλων
972 4241 1133 4295 στενοὶ
1179 4243 1350 4313 ponit.
1435 4245 1512 4299 At
1549 4241 1799 4312 Cor-pilos
1850 4257 2018 4312 supra
2055 4245 2270 4299 Aenum
2319 4244 2537 4299 omnino
2589 4245 2873 4300 habitasse

634 4314 818 4369 omnia
864 4314 1185 4370 testimonia
1224 4315 1579 4371 consentiunt
1591 4333 1607 4386 ;
1663 4316 1851 4384 itaque
1901 4316 2062 4366 στενά
2089 4315 2376 4386 ·Gorpiliea
2419 4317 2567 4386 apud
2603 4318 2872 4373 Ismarum

630 4389 871 4511 mantem
917 4385 1140 4514 micxjn}me
1162 4387 1443 4514 fponenda
1490 4392 1646 4457 sunt3
1692 4386 1784 4442 ubi
1832 4387 2019 4456 potius
2068 4387 2257 4444 fauces
2316 4389 2648 4459 Sapaeorum
2698 4388 2872 4445 fuisse

629 4472 687 4512 vi
725 4464 903 4513 entur.
966 4485 973 4496 ·
1052 4501 1065 4514 .
1105 4458 1162 4514 in
1189 4473 1268 4516 ra.
2867 4489 2872 4498 ·
