3200 5217
1232 1789 1647 1863 Praefatio.

501 1902 799 1963 Thraciae
830 1922 925 1963 res
955 1901 1172 1980 dignas
1202 1923 1352 1977 esse,
1397 1923 1556 1983 quae
1587 1904 1879 1984 peculiari
1910 1905 2402 1965 commentatione
2430 1904 2563 1964 illu-

322 2001 586 2053 strentur
600 2041 616 2072 ,
672 1991 849 2052 facile
903 1990 1190 2053 concedes
1205 2038 1218 2065 ‚
1278 1994 1329 2052 si
1384 2001 1581 2053 tecum
1640 1991 2138 2074 consideraveris,
2197 2014 2293 2054 res
2347 1995 2412 2053 in
2458 1994 2564 2053 illa

321 2083 629 2159 provincia
683 2091 883 2160 gestas
939 2090 999 2142 et
1046 2083 1447 2142 Romanorum
1501 2091 1703 2143 aetate
1757 2091 1817 2143 et
1874 2102 1982 2162 per
2035 2091 2225 2143 totum
2271 2084 2565 2163 posterius

322 2191 538 2232 aevum
585 2173 737 2231 tanti
782 2170 970 2232 fuisse
1015 2172 1320 2244 momenti,
1366 2184 1437 2231 ut
1481 2172 1545 2230 in
1591 2191 1799 2231 earum
1843 2173 2130 2232 memoria
2175 2170 2280 2232 diu
2310 2172 2562 2232 haeren-

321 2258 462 2320 dum
509 2262 589 2320 sit
631 2261 917 2340 scriptori
952 2280 1149 2321 rernm
1197 2271 1518 2340 gestarum.
1590 2263 1681 2321 Ac
1713 2281 1847 2321 cum
1876 2281 2072 2321 meum
2105 2280 2237 2321 esse
2267 2270 2561 2342 putarem,

325 2352 430 2429 qui
479 2350 656 2409 homo
689 2348 959 2410 Graecus
978 2360 1144 2423 Cum,
1191 2351 1480 2430 imprimis
1513 2349 1878 2411 Graecorum
1920 2369 2014 2410 res
2044 2370 2122 2410 ex
2166 2353 2563 2411 monumentis

322 2441 644 2519 exquirere
686 2439 1021 2519 litterisque
1051 2438 1369 2512 illustrare,
1418 2438 1494 2500 de
1525 2437 1806 2512 Thracia,
1855 2440 2024 2500 cuius
2063 2459 2159 2500 res
2205 2460 2417 2519 parum
2463 2460 2562 2500 ex-

322 2530 580 2608 quisitae
607 2547 736 2588 esse
757 2527 1136 2602 videbantur,
1169 2531 1377 2609 paucis
1401 2528 1712 2609 disputare
1742 2530 2020 2589 constitui
2051 2549 2123 2589 ac
2146 2549 2563 2610 quaecumque

321 2618 427 2678 de·
467 2618 574 2677 illa
642 2619 953 2697 provincia
1028 2626 1088 2679 et
1157 2619 1348 2678 titulis
1419 2621 1798 2699 numinisque
1858 2629 1920 2679 et
1978 2619 2331 2698 scriptorum
2392 2619 2561 2679 libris

318 2706 635 2767 traduntur
683 2707 965 2786 colligere
1010 2716 1195 2787 atque
1240 2708 1558 2788 explicare.

491 2796 710 2877 Neque
755 2817 896 2856 vero
943 2797 1021 2857 ab
1067 2805 1338 2857 extrema
1383 2799 1747 2877 antiquitate
1792 2816 1887 2856 res
1930 2797 2097 2857 volui
2128 2808 2420 2877 repetere,
2453 2797 2560 2857 sed

309 2887 454 2945 satis
512 2886 780 2946 futurum
835 2905 965 2945 esse
1009 2888 1248 2965 putavi,
1310 2907 1431 2966 qua
1477 2885 1826 2947 condicione
1870 2886 1977 2946 illa
2023 2888 2332 2967 provincia
2377 2887 2560 2947 fuerit

309 2975 422 3035 sub
488 2976 737 3055 imperio
793 2975 1002 3054 populi
1047 2976 1302 3035 Romani
1355 2984 1498 3038 ante
1551 2976 1751 3035 oculos
1804 2996 2043 3056 ponere.
2136 2976 2353 3055 Neque
2399 2977 2557 3035 enim

309 3084 404 3124 me
458 3065 726 3141 fugerat,
785 3074 855 3124 ut
911 3065 976 3124 in
1026 3066 1301 3125 omnibus
1344 3066 1579 3145 imperii
1625 3066 1946 3141 provinciis
1991 3086 2208 3137 mores,
2266 3067 2554 3138 instituta,

314 3154 475 3213 facta
505 3155 893 3233 posteriorum
927 3163 1257 3234 temporum
1283 3175 1361 3215 ex
1384 3156 1670 3215 institutis
1693 3176 1750 3234 p.
1770 3155 1840 3216 R.
1867 3154 2221 3228 fluxisse,ita
2236 3156 2556 3234 praecipue

311 3242 611 3303 Thraciae
655 3241 1100 3303 vicissitudines
1146 3254 1209 3304 et
1238 3245 1587 3323 Byzantinis
1634 3244 2004 3324 temporibus
2036 3252 2097 3304 et
2127 3253 2329 3303 nostra
2359 3253 2557 3303 aetate

308 3341 467 3392 ortas
532 3353 651 3392 non
715 3333 974 3412 perspici
1036 3353 1240 3413 posse,
1304 3335 1420 3393 nisi
1473 3335 1878 3394 Romanorum
1932 3334 2223 3393 institutis
2280 3342 2557 3393 accurate

305 3422 650 3501 exquisitis.

489 3510 675 3571 Cuius
738 3512 933 3590 operis
992 3509 1240 3571 dimidia
1292 3514 1412 3571 iam
1471 3523 1643 3592 parte
1700 3513 1997 3584 confecta,
2061 3510 2206 3570 mihi
2260 3512 2556 3590 inspicere

307 3599 479 3659 licuit
533 3600 752 3660 librum
799 3599 916 3660 Th.
965 3600 1279 3675 Homollii‚
1337 3603 1440 3681 qui
1497 3604 1560 3661 in
1618 3600 1877 3661 editione
1923 3602 2276 3679 scriptorum
2323 3601 2554 3661 Alberti

309 3690 595 3749 Dumonti
656 3708 859 3749 omnes
907 3689 1203 3750 Thraciae
1264 3691 1468 3750 titulos
1515 3698 1638 3750 tam
1685 3693 1932 3769 egregie
1988 3690 2256 3768 collegit,
2321 3698 2390 3749 ut
2435 3710 2555 3749 non

305 3780 492 3858 possit
549 3798 587 3837 a
644 3798 741 3839 me
784 3780 1076 3858 superari.
1170 3779 1548 3859 Quamquam
1595 3781 1781 3859 igitur
1828 3800 1993 3839 meus
2040 3779 2208 3839 labor
2255 3799 2332 3838 ex
2377 3788 2549 3858 parte

305 3869 625 3928 frustratus
681 3876 797 3947 est,
864 3867 924 3927 id
982 3877 1183 3928 tamen
1234 3889 1355 3928 non
1410 3869 1613 3942 doleo,
1682 3890 1814 3928 cum
1871 3870 2014 3927 satis
2070 3868 2261 3927 multa
2317 3868 2459 3926 mihi
2516 3888 2552 3926 a

303 3957 603 4017 Homollio
660 3957 867 4017 relicta
927 3958 1062 4018 sint.
1157 3957 1359 4033 Quare
1404 3958 1805 4037 supplementi
1852 3959 2039 4017 instar
2085 3958 2425 4017 testimonia
2471 3957 2550 4015 ab

306 4046 607 4107 Homollio
655 4048 919 4125 seposita
971 4048 1028 4105 in
1063 4047 1326 4106 ordinem
1358 4047 1566 4126 redegi
1598 4067 1797 4127 neque
1829 4048 2140 4106 occasione
2169 4044 2313 4106 data
2344 4065 2549 4126 super·

306 4135 451 4213 sedi,
503 4137 566 4196 in
612 4136 886 4214 singulas
931 4156 1027 4195 res
1073 4138 1408 4196 accuratius
1456 4137 1768 4216 aliquanto
1814 4137 2138 4216 inquirere.

484 4228 576 4285 Ac
637 4227 687 4284 si
751 4224 992 4305 quidem
1056 4226 1217 4285 hisce
1276 4225 1603 4286 studiorum
1668 4246 1932 4285 meorum
1987 4226 2262 4305 primitiis
2318 4223 2548 4303 aliquid

309 4312 455 4374 lucis
501 4316 566 4373 in
613 4315 779 4373 illam
835 4315 1182 4387 „obscuram
1227 4317 1618 4375 varietatem“
1672 4317 1994 4395 (Ammiani
2040 4314 2239 4374 verbis
2284 4324 2352 4373 ut
2380 4311 2545 4395 utar)

305 4422 500 4462 rerum
547 4404 849 4464 Thraciae
915 4404 1186 4464 attulisse
1233 4404 1541 4465 iudicabor
1600 4404 1987 4485 laboremque
2047 4404 2286 4463 illarum
2346 4422 2545 4463 rerum

301 4492 576 4572 scriptori
626 4494 878 4568 levasse,
929 4496 1073 4554 satis
1122 4496 1370 4574 praemii
1417 4494 1672 4573 adeptus
1718 4514 1850 4555 esse
1895 4492 2038 4553 mihi
2087 4491 2351 4556 videbor.

2151 4617 2179 4669 1
