3200 5217
1236 527 1680 588 -59-

341 710 615 768 ΒΣΕΒΑ
625 704 872 784 [127]ss
898 712 1007 769 etc.
1031 703 1094 764 id
1120 702 1282 785 quod
1298 700 1753 784 Frankfurter²)
1779 705 2083 786 supplevit
2105 706 2220 766 ita:
2254 709 2582 768 HOMHO-

348 799 571 858 NIOF
586 798 1187 858 ΑΝΤΕΣΤΙΑΝΟῨ
1224 799 1523 856 ΠΡΕΣΒ.
1575 800 1762 857 ΣΕΒ.
1813 804 1926 861 etc.
2029 797 2102 857 In
2147 797 2324 856 titulo
2372 796 2582 875 altere,

345 894 484 966 post
557 906 776 947 nomen
849 886 1220 961 imperatoris
1294 905 1557 946 erasum:
1651 888 2236 948 HONIMHANOF
2304 890 2590 948 ΠΡΕΣΒ

344 970 1069 1061 ΑΝΤΙ[στρα]ΤΗΓοΥ,
1117 972 1281 1036 unde
1340 975 1731 1053 Millingenus
1792 972 1996 1058 (ΕΦΣ
2061 977 2246 1052 1873,
2317 997 2376 1056 p.
2433 975 2585 1055 169)

343 1065 886 1134 Ponimatianum
930 1065 1031 1125 vel
1075 1064 1541 1133 Potentianum
1589 1065 1800 1127 effecit.
1888 1065 2133 1126 Titulus
2178 1066 2391 1126 tertius
2437 1064 2605 1146 (aet.'

347 1157 537 1235 impp.
563 1154 877 1215 Maximini
901 1163 961 1215 et
983 1152 1261 1237 Maximi)
1291 1156 1492 1217 nescio
1523 1175 1605 1214 an
1634 1153 1791 1215 idem
1822 1156 1902 1214 sit
1932 1175 2002 1214 ac
2025 1155 2199 1215 ΔΕΜ
2236 1158 2335 1232 15,
2372 1156 2477 1227 92,
2513 1156 2584 1227 3;

345 1264 716 1326 quamquam
788 1245 850 1303 in
926 1244 1041 1304 hoc
1115 1243 1290 1304 titulo
1366 1254 1427 1305 et
1500 1263 1719 1305 nomen
1807 1244 1994 1323 legati
2101 1240 2595 1328 (GJMQNIOW

344 1332 893 1417 JOVAJJANOF)
958 1332 1254 1395 diversum
1318 1354 1450 1395 esse
1508 1333 1750 1394 videtur
1804 1343 1864 1394 et
1916 1334 2153 1394 initium
2210 1332 2378 1395 deest
2422 1333 2584 1416 quod

348 1423 601 1486 exhibet
642 1424 747 1485 ille
790 1423 1002 1484 titulus
1049 1433 1111 1485 et
1153 1443 1363 1485 versus
1403 1422 1521 1484 duo
1563 1422 1641 1483 ad
1672 1424 1851 1483 finem
1883 1423 2184 1502 leguntur,
2233 1426 2341 1505 qui
2372 1422 2586 1484 desunt

350 1515 417 1575 in
459 1513 582 1575 illo.
674 1514 890 1594 Itaque
937 1515 1071 1573 cavi
1115 1533 1193 1573 ne
1240 1514 1480 1574 titulum
1526 1513 1697 1574 illum
1744 1514 2005 1575 Simonio
2051 1513 2299 1575 Juliano
2346 1512 2432 1594 (n.
2468 1511 2582 1595 39)

348 1602 691 1664 tribuerem.
725 1604 920 1663 Etiam
938 1603 1201 1664 Homolli
1226 1604 1736 1684 supplementum:
1763 1602 2164 1685 Πομ]πονίου
2192 1600 2583 1685 [Ἰουλιανοῦ]

347 1691 719 1753 reiciendum
765 1713 896 1753 esse
935 1701 1102 1773 puto,
1153 1713 1286 1754 cum
1332 1695 1417 1753 ita
1463 1703 1583 1753 tres
1623 1693 1856 1772 legatos
1887 1692 2155 1754 eiusdem
2200 1694 2325 1754 fere
2371 1695 2585 1754 aetatis

355 1783 759 1861 (235—244)
805 1782 1190 1857 haberemus,
1246 1782 1577 1843 Simonium
1623 1782 1968 1865 sulianum,
2024 1783 2236 1864 Pomp.
2284 1783 2588 1844 Iulianum

354 1872 751 1949 Pomponium
780 1873 1220 1945 Antestianum‚
1268 1871 1331 1931 id
1363 1871 1523 1953 quod
1555 1880 1803 1952 propter
1832 1873 2138 1932 nominum
2171 1870 2591 1933 similitudines

354 1963 752 2042 suspicionem
784 1970 1002 2023 movet.
1063 1963 1261 2039 Magis
1291 1965 1477 2041 igitur
1507 1962 1748 2022 videtur
1778 1962 2106 2042 Pomponio
2142 1959 2524 2044 [Antistiano]
2535 1956 2589 2046 ²)

349 2049 833 2112 tribuendusesse
879 2052 983 2111 ille
1030 2052 1238 2112 titulus
1282 2052 1567 2126 Dumont,
1616 2051 1707 2125 K3
1755 2053 1840 2111 ita
1894 2061 1963 2111 ut
2008 2052 2308 2112 Thraciae
2353 2051 2588 2129 legatus

350 2142 535 2202 fuerit
578 2142 890 2222 postremis
937 2142 1251 2202 Maximini
1293 2143 1619 2223 primisque
1663 2140 1955 2203 Gordiani
2000 2141 2390 2223 temporibus.

434 2298 543 2369 41.
590 2297 888 2371 Cattius
937 2299 1099 2388 (vel
1144 2296 1440 2384 Catius)
1490 2296 1730 2371 Celer.
1836 2302 1965 2363 Sub
2013 2302 2337 2365 Gordiano.

523 2410 817 2485 Dumont‚
886 2430 983 2471 nn.
1042 2411 1082 2470 3
1139 2419 1201 2471 et
1257 2412 1337 2471 61
1354 2409 1411 2474 d.
1506 2410 1600 2473 cf.
1657 2410 1987 2473 Liebenam
2032 2434 2093 2493 p.
2146 2412 2297 2473 395.

432 2567 558 2639 42.
609 2616 908 2639 .......
945 2567 1174 2641 vinus
1207 2569 1656 2654 (lege-vinus)
1679 2568 2095 2659 Fabianus.
2131 2573 2257 2636 Sub
2283 2572 2583 2655 Philippo.

524 2680 698 2740 ΔΕΜ
751 2681 852 2757 15,
898 2702 960 2761 p.
1001 2683 1146 2754 108,
1194 2703 1253 2745 n.
1305 2682 1409 2744 62.

433 2837 556 2908 43.
630 2836 1035 2926 (Ignotus).
1128 2841 1255 2904 Sub
1302 2843 1600 2924 Philippo.

524 2949 699 3010 ΛΕΜ
749 2951 858 3030 15,
922 2971 983 3029 p.
1035 2952 1114 3011 91
1164 2971 1226 3013 n.
1278 2953 1337 3011 2.
1410 2950 1688 3029 Vestigia
1743 2954 2000 3012 nominis
2034 2950 2111 3012 ad
2157 2971 2373 3011 nomen
2419 2971 2587 3031 prae·

346 3036 613 3099 cedentis
657 3038 844 3117 legati
889 3040 1056 3100 nullo
1100 3037 1273 3101 modo
1322 3039 1636 3120 quadrant.

434 3196 563 3266 44.
612 3194 693 3265 L.
747 3194 1150 3269 Vitennius
1198 3201 1327 3284 (vel
1375 3196 1709 3284 Vettius)
1759 3195 2091 3269 Iuvenis.

524 3309 761 3369 Aetatis
790 3309 1055 3370 incertae
1083 3312 1243 3371 inter
1270 3329 1326 3371 a.
1356 3309 1729 3372 222—244.
1792 3310 2061 3371 Dumont
2107 3331 2165 3373 n.
2194 3310 2279 3370 60
2310 3318 2370 3369 et
2402 3309 2485 3369 62
2504 3304 2584 3368 3⁸.

525 3397 759 3459 Nomen
805 3400 1036 3478 gentile
1079 3420 1201 3460 non
1250 3408 1411 3460 certo
1458 3398 1744 3460 traditum
1802 3409 1909 3460 est.
2002 3399 2194 3459 Tituli
2250 3400 2427 3478 primi
2471 3400 2589 3459 tria

346 3487 732 3569 apographa,
782 3509 939 3570 quae
985 3490 1236 3550 contulit
1264 3490 1649 3564 Dumoutius,
1699 3509 2032 3567 cognomen
2073 3485 2450 3554 ΙΟΙῘΒΕΝΟ1
2489 3508 2587 3548 ex·

344 3577 586 3652 hibent,
637 3577 801 3659 quod
843 3598 967 3639 non
1010 3580 1256 3648 Jubens
1300 3578 1406 3639 sed
1451 3579 1731 3648 Juvenis
1774 3576 2100 3658 legendum
2155 3598 2284 3639 esse
2326 3578 2588 3638 Dumon-

347 3668 470 3728 tius
517 3668 835 3748 persuasit.
926 3668 1147 3749 Neque
1193 3669 1352 3750 quod
1400 3669 1551 3730 alter
1595 3669 1807 3729 titulus
1853 3667 2100 3730 exhibet
2144 3663 2440 3742 Ἰουβενίε
2483 3669 2586 3727 im-

349 3755 521 3837 pedit
554 3759 873 3837 quominus
905 3757 981 3817 ad
1013 3757 1267 3819 eundem
1299 3760 1570 3837 legatum
1617 3768 1939 3838 utrumque
1968 3758 2209 3819 titulum
2238 3758 2586 3831 referamuS,

347 3868 482 3907 cum
543 3867 727 3927 saepe
786 3849 1028 3908 nomina
1071 3848 1261 3908 latina
1306 3850 1370 3908 in
1425 3848 1634 3908 titulus
1681 3850 1916 3926 graecis
1977 3848 2125 3907 talia
2185 3849 2495 3929 patiantur
2512 3843 2585 3928 ⁸).

529 3937 621 3996 De
666 3945 866 3998 aetate
926 3947 988 3997 et
1041 3936 1339 4015 dignitate
1392 3937 1570 3999 huius
1626 3938 1812 4016 legati
1859 3936 2142 3997 iudicium
2190 3938 2391 4018 paullo
2439 3936 2589 3996 diffi-

532 4146 578 4216 ¹)
616 4145 865 4202 Nominis
902 4163 1048 4204 cons.
1088 4147 1209 4203 suff.
1248 4163 1298 4204 a.
1340 4149 1440 4204 121
1478 4164 1701 4205 memor.

409 4293 424 4308 Ι
530 4218 575 4290 ²)
608 4217 904 4310 'chbcmfc
947 4234 1047 4289 pro
1094 4220 1363 4276 Antistius
1408 4220 1682 4276 occurrrit
1734 4220 1906 4277 etiam
1956 4219 2080 4276 OIG
2124 4219 2280 4276 3335.
2364 4217 2432 4274 cf.
2478 4217 2590 4271 'Av-

346 4291 577 4433 θεστωξ)
602 4290 895 4418 (ZJEangIGA
930 4293 1336 4435 {732512bur32
1374 4366 1437 4416 Δ.
1479 4364 1724 4420 Μινίκιος
1760 4359 2034 4418 Νατάλιος
2071 4362 2152 4448 (L.
2190 4359 2446 4417 Minicius
2482 4360 2589 4417 Na·

348 4432 533 4505 talis),
583 4438 643 4490 et
679 4433 983 4504 Eclnnger,
1036 4432 1445 4506 Orthographie
1493 4435 1592 4492 lat.
1635 4437 1860 4492 Worter
1903 4434 1960 4490 in
2009 4432 2218 4505 gnech.
2258 4433 2587 4490 Inschriften

350 4506 648 4575 (Monachi,
687 4507 850 4577 1891)
886 4522 939 4577 p.
976 4508 1063 4563 49.
