3200 5217
1541 550 1985 609 ...40—

636 728 1007 816 invenimus)
1072 731 1137 790 in
1200 727 1371 792 codd.
1437 727 1742 788 nonnullis
1802 726 2157 801 Ptolemaei,
2226 727 2292 787 in
2351 726 2578 787 cunctis
2641 732 2880 806 praeter

638 842 827 883 unum
849 821 1019 882 libris
1043 819 1358 893 Hieroclis,
1395 826 1457 878 et
1481 816 1645 898 apud
1670 818 1922 898 Procop.
1951 816 2024 877 de
2051 815 2180 881 aed.
2207 838 2267 898 p.
2297 817 2423 878 268
2451 811 2876 899 (Παντὰλεια),

816 911 968 972 Miro
1025 931 1171 971 sane
1219 929 1418 970 errore
1461 908 1777 976 coloniam
1833 908 1979 993 Ulp.
2028 907 2404 975 Pautaliam
2450 907 2590 966 fecit
2635 904 2677 967 J
2681 903 2880 965 irecek

641 999 1032 1085 (Monatsber.
1079 1000 1117 1061 l.
1168 1020 1216 1059 c.
1267 1021 1327 1080 p.
1379 998 1537 1075 4673
1592 998 1993 1068 Heerstrasse,
2043 1019 2097 1078 p.
2150 996 2273 1077 27).

818 1091 1114 1170 Pautalia,
1159 1098 1341 1170 caput
1370 1087 1696 1165 strategiae
1726 1086 2123 1147 Deuthelicae
2156 1082 2366 1169 (supra
2396 1108 2456 1166 p.
2497 1081 2625 1167 15),
2674 1092 2883 1164 postea

639 1181 988 1263 provinciae
1018 1178 1365 1241 Dardaniae
1395 1176 1601 1237 addita
1643 1185 1734 1237 est
1763 1185 1825 1237 et
1854 1175 2069 1237 deinde
2101 1175 2212 1237 sub
2243 1176 2468 1236 vicario
2501 1175 2724 1256 Illyrici
2752 1173 2880 1234 fuit.

1341 1386 1751 1459 Perinthus
1802 1390 2187 1477 (Πέρινθος).

821 1519 1019 1581 Hodie
1068 1517 1383 1598 Ηράκλεια
1430 1520 1656 1579 turcice
1700 1516 1947 1585 Erekli.

825 1609 1101 1671 Perinthi
1161 1618 1300 1669 ante
1357 1616 1616 1668 aetatem
1660 1608 2064 1668 Romanorum
2119 1605 2561 1668 vicissitudines
2606 1607 2885 1688 exposuit

644 1702 706 1765 S.
741 1699 1125 1772 Aristarchis,
1179 1704 1350 1759 ΕΦΣ
1385 1703 1441 1778 1,
1491 1720 1546 1778 Ρ.
1584 1699 1708 1758 257
1744 1718 1832 1777 sq.
1850 1698 1913 1778 ¹).
2015 1698 2109 1758 De
2138 1696 2425 1758 Perintho
2456 1697 2569 1758 sub
2601 1697 2882 1758 Romanis

647 1790 789 1851 vide
852 1810 1011 1870 quae
1071 1788 1534 1869 disputaverunt
1593 1787 1958 1848 Aristarchis
2019 1788 2061 1847 1.
2110 1808 2161 1851 c.
2226 1795 2289 1848 et
2347 1786 2879 1861 Raoul·Rochette,

646 1863 1116 1941 Etablissement
1162 1877 1266 1939 des
1315 1877 1572 1938 colonies
1618 1897 1913 1957 grecques
1957 1878 2018 1951 3,
2069 1877 2440 1939 360-363.
2520 1876 2607 1941 Of.
2641 1876 2880 1951 Clarke,

645 1970 919 2044 Travels,
970 1973 1032 2050 8,
1079 1990 1139 2050 p.
1181 1970 1303 2029 122
1338 1987 1426 2047 sp.

823 2059 1098 2120 Nummi:
1148 2078 1186 2116 a
1232 2055 1482 2118 Claudio
1529 2076 1726 2137 usque
1773 2055 1850 2116 ad
1895 2057 2302 2120 Valerianum.
2379 2055 2532 2117 Inde
2578 2077 2615 2116 a
2658 2056 2882 2117 Severo

646 2148 886 2209 additur
936 2150 1427 2220 ΝΕῼΚΟΡῼΝ,
1487 2144 1630 2206 inde
1686 2146 1764 2207 ab
1811 2146 2144 2226 Elagabalo
2190 2149 2346 2209 ΔΙΣ.
2399 2150 2881 2209 ΝΕΩΚΟΡῼΝ.

647 2240 868 2300 Rarius
913 2238 1142 2316 legitur
1187 2257 1405 2297 nomen
1460 2237 1652 2315 legati
1698 2238 2062 2317 provinciae.
2156 2237 2248 2298 Cf.
2298 2236 2618 2310 Svoronos,
2667 2233 2881 2313 Ἐφημ.

645 2322 956 2406 Ἀρχαιολ..
1010 2328 1202 2400 1889,
1252 2347 1311 2406 p.
1349 2326 1495 2387 106.

826 2415 1045 2476 Tituli:
1094 2417 1379 2488 Dumont,
1428 2437 1487 2496 p.
1524 2416 1675 2496 378,
1724 2415 1800 2477 cf.
1835 2436 1892 2492 p.
1929 2418 2087 2493 4823
2137 2416 2268 2477 CIL
2302 2417 2362 2490 3,
2413 2415 2880 2489 7391—74003

651 2507 782 2569 CIL
818 2508 877 2580 6,
915 2507 1040 2566 209
1078 2504 1255 2589 (fin.).
1348 2505 1501 2585 Eph.
1535 2506 1650 2586 Ep.
1694 2507 1754 2579 4,
1807 2507 1956 2584 895,
1993 2508 2104 2565 242
2153 2502 2395 2590 Ulp(ia)
2430 2556 2442 2569 .
2478 2550 2492 2564 .
2526 2503 2880 2583 Perin(tho).

661 2597 881 2659 Athen.
914 2594 1112 2659 Mitth.
1161 2596 1350 2668 1892,
1398 2616 1458 2675 Ρ.
1496 2596 1645 2656 201.
1718 2594 1805 2658 Of.
1836 2596 1995 2658 Bull.
2033 2616 2180 2659 corr.
2213 2595 2351 2656 hell.
2402 2597 2590 2668 1891,
2638 2616 2698 2675 Ρ.
2736 2594 2883 2657 665.

836 2684 1178 2746 Secundum
1210 2684 1412 2745 Tzetz.
1449 2686 1508 2761 3,
1547 2686 1695 2758 812,
1744 2685 2028 2745 Perintho
2061 2686 2228 2767 prius
2274 2685 2633 2771 Mygdonia
2673 2703 2890 2744 nomen

656 2777 873 2839 fuerat.
966 2774 1113 2835 Inde
1176 2795 1214 2833 a
1273 2773 1645 2834 Diocletiano
1706 2775 2046 2854 Heraclea,
2119 2774 2197 2834 ab
2257 2776 2522 2836 Hercule
2589 2773 2891 2834 conditore

652 2865 926 2925 fabuloso
985 2863 1109 2944 (vel
1162 2865 1226 2923 in
1283 2862 1567 2924 honorem
1623 2864 1895 2924 Herculii
1950 2862 2370 2948 Diocletiani),
2433 2873 2503 2925 ut
2556 2873 2810 2945 apparet
2854 2883 2889 2922 e

652 2955 952 3031 rescriptis
1014 2952 1295 3034 (primum
1352 2973 1405 3014 a.
1458 2955 1614 3029 286,
1677 2954 1779 3015 Fr.
1829 2955 1963 3019 Vat.
2014 2976 2062 3019 c.
2112 2956 2263 3034 284)
2329 2963 2513 3035 atque
2569 2974 2648 3015 ex
2700 2952 2890 3013 titulis

650 3046 918 3106 Dumont
969 3039 1094 3102 74⁰
1125 3064 1215 3123 sq.
1236 3038 1306 3125 2).
1385 3043 1603 3123 Itaque
1651 3042 1815 3124 apud
1861 3047 2179 3126 scriptores
2226 3046 2571 3126 posterioris
2617 3044 2755 3105 aevi
2787 3052 2890 3103 aut

654 3135 968 3202 Heraclea
1013 3133 1372 3200 Perinthus
1417 3131 1634 3194 dicitur
1649 3129 1719 3213 ²),
1770 3144 1876 3194 aut
1920 3136 2265 3215 simpliciter
2308 3135 2636 3203 Heraclea.

830 3225 1051 3285 Errant
1095 3232 1299 3282 tamen
1343 3231 1465 3281 tam
1497 3223 1853 3284 Tzschucke
1899 3224 1962 3304 (l.
1999 3222 2080 3308 c.)
2129 3245 2309 3305 quam
2355 3224 2735 3299 Aristarchis,
2785 3224 2891 3304 qui

651 3312 828 3374 fidem
898 3312 1101 3373 verbis
1154 3311 1416 3372 Malalae
1486 3310 1628 3393 (10,
1678 3334 1735 3393 p.
1785 3315 1935 3391 262)
1993 3314 2352 3375 tribuerunt.
2445 3315 2662 3395 Neque
2733 3315 2888 3375 enim

653 3423 874 3464 nomen
920 3400 1085 3482 quod
1131 3410 1222 3461 est
1251 3401 1546 3461 Heraclea
1592 3414 1734 3464 ante
1765 3404 2206 3465 Diocletianum
2254 3413 2413 3464 certe
2457 3403 2742 3464 traditum
2782 3413 2887 3466 est.

652 3491 759 3554 sed
790 3500 1025 3551 tantum
1073 3511 1111 3550 a
1142 3491 1530 3571 scriptoribus
1574 3495 1922 3572 posterioris
1968 3494 2184 3554 aetatis
2230 3501 2737 3566 commemoratur,
2786 3494 2890 3573 qui

653 3580 994 3642 nominibus
1055 3600 1298 3641 suorum
1359 3590 1694 3662 temporum
1755 3585 1851 3643 usi
1912 3591 2079 3659 sunt3
2160 3603 2359 3664 neque
2427 3604 2463 3643 a
2524 3584 2890 3663 Vespasiano

656 3667 1045 3749 μητρόπολις
1089 3670 1250 3729 facta
1295 3680 1387 3731 est
1425 3672 1765 3751 Perinthus,
1812 3671 1875 3731 id
1922 3671 2085 3753 quod
2129 3675 2384 3733 nummis
2433 3671 2887 3735 demonstratur.

657 3759 917 3822 Videtur
961 3760 1162 3840 potius
1209 3760 1271 3819 in
1318 3761 1421 3821 illo
1467 3761 1600 3822 loco
1651 3760 1723 3822 de
1764 3764 2141 3843 separatione
2172 3762 2529 3824 Chersonesi
2576 3783 2613 3822 a
2657 3763 2892 3843 reliqua

655 3851 969 3931 provincia
1025 3849 1289 3910 Thracia
1342 3850 1595 3911 Malalas
1658 3853 1993 3912 testimonia
2054 3852 2302 3914 confusa
2361 3854 2663 3914 invenisse
2708 3861 2890 3933 atque

839 4080 880 4147 ¹)
918 4077 1081 4134 Locis
1127 4079 1196 4135 ab
1244 4079 1342 4135 illo
1390 4080 1611 4136 collatis
1650 4080 1887 4137 addendi
1935 4084 2091 4135 sunt:
2147 4080 2287 4137 Xen.
2325 4081 2498 4137 Anah.
2537 4084 2588 4151 6,
2626 4084 2686 4150 2,
2735 4083 2802 4152 ἐς
2840 4082 2893 4150 8,

657 4152 743 4218 11,
782 4150 880 4218 28;
916 4150 1064 4206 Plut.
1102 4150 1269 4206 Phoc.
1312 4153 1396 4220 14,
1435 4150 1661 4218 Quaest.
1702 4151 1796 4208 Gr.
1835 4153 1935 4221 563
1974 4151 2237 4208 Marcian.
2276 4169 2327 4222 p.
2367 4154 2451 4209 25.

834 4221 877 4293 ⁹)
916 4221 1214 4293 Perperam
1274 4223 1454 4292 igitur
1508 4223 1831 4279 Tzschucke
1894 4224 1984 4294 (ad
2038 4223 2242 4280 Melam
2295 4224 2402 4280 vol.
2453 4226 2513 4292 3,
2552 4227 2615 4292 2,
2670 4240 2725 4295 Ρ.
2765 4225 2892 4291 103)

655 4299 845 4351 aetate
905 4293 1226 4361 Aureliani,
1289 4295 1656 4366 spanhemius
1718 4296 1787 4367 (Ρ.
1848 4296 1974 4367 578)
2034 4300 2225 4353 aetate
2287 4295 2639 4353 Constantini
2698 4311 2892 4352 nomen

656 4365 967 4422 Heracleae
1002 4366 1311 4423 innotuisse
1349 4371 1687 4424 statuerunt.

837 4437 1118 4493 Heraclea
1161 4437 1429 4494 Thraciae
1465 4440 1613 4510 apud
1650 4439 1978 4510 scriptores,
2028 4446 2094 4495 ut.
2129 4438 2398 4510 Forbiger
2434 4444 2495 4497 et
2531 4439 2708 4496 Smith
2743 4439 2895 4497 volu-

661 4514 841 4582 erunt,
878 4526 1147 4582 nusquam
1185 4509 1405 4582 dicitur,
1447 4526 1573 4569 nam
1612 4511 1826 4569 Iordan.
1865 4512 2022 4569 Rom.
2064 4512 2162 4567 191
2204 4510 2530 4583 simpliciter
2564 4511 2896 4569 Heracleam
