3200 5217
1505 496 1947 555 —10-

786 674 1007 736 Eodem
1055 676 1118 735 in
1164 675 1291 735 loco
1336 662 1520 735 fuisse
1567 685 1626 734 et
1673 673 1958 734 Miltiadis
2020 695 2254 734 murum
2303 674 2478 735 docet
2524 696 2683 757 quae
2730 684 2853 734 tra-

611 765 770 826 ditur
814 764 1144 843 longitudo,
1236 764 1455 825 Herod.
1493 766 1552 837 6,
1589 767 1704 828 37:
1754 767 1861 825 εἰσὶ
1908 766 1974 826 δὲ
2021 756 2200 826 οὗτοι
2247 761 2484 827 στάδιοι
2530 763 2597 841 ἕξ
2643 787 2704 826 τε
2746 769 2860 826 καί

609 854 937 934 τριήκοντα
982 860 1101 915 τοῦ
1145 855 1376 927 ἰσθμοῦ
1395 851 1460 932 1).
1554 855 1823 915 Dumont
1876 855 1915 917 l.
1966 876 2048 917 c.:
2130 854 2252 934 „Sa
2306 855 2605 934 longueur
2669 852 2853 939 (muri

609 945 733 1011 scil.
768 966 942 1026 quem
987 942 1245 1026 invenit)
1293 965 1369 1004 ne
1414 952 1556 1024 peut
1603 944 1791 1022 guere
1840 950 1967 1004 etre
2014 945 2268 1004 evaluee
2316 945 2353 1003 a
2398 947 2589 1006 moins
2636 944 2711 1005 de
2757 947 2852 1006 six

607 1034 1014 1095 kilometres“.
1109 1033 1317 1094 Stadia
1363 1035 1521 1094 enim
1583 1035 1664 1094 36
1716 1034 1984 1094 efficiunt
2044 1038 2079 1094 7
2130 1034 2500 1094 chiliometra
2546 1035 2608 1115 (1
2647 1044 2717 1099 st.
2764 1064 2847 1086 =

612 1127 737 1185 192
770 1134 938 1185 metr.
974 1123 1168 1202 gall),
1216 1122 1468 1184 latitudo
1516 1133 1717 1183 autem
1764 1125 1963 1185 isthmi
2006 1122 2169 1203 apud
2202 1124 2641 1202 Lysimachiam
2674 1125 2853 1185 etiam

609 1213 788 1276 hodie
833 1213 1043 1274 eadem
1089 1213 1216 1274 fere
1262 1222 1371 1276 est.

785 1302 1118 1365 Verisimile
1165 1312 1274 1378 est,
1324 1312 1390 1363 ut
1437 1323 1620 1383 supra
1668 1305 1941 1384 exposui,
1992 1302 2373 1382 Dercyllidae
2421 1324 2657 1365 murum
2703 1313 2849 1364 tem-

615 1394 860 1475 poribus
906 1393 1324 1454 Demosthenis
1388 1393 1715 1473 collapsum
1779 1413 1939 1468 esse,
2004 1391 2109 1454 sed
2165 1403 2420 1453 tractum
2483 1396 2610 1455 eius
2672 1395 2853 1455 etiam

612 1494 737 1545 tum
785 1484 1100 1544 terminum
1145 1483 1360 1559 fuisse3
1429 1495 1637 1563 postea
1682 1504 1824 1544 vero
1871 1485 2211 1544 restitutum
2258 1504 2501 1544 necesse
2550 1492 2667 1559 est,
2719 1504 2852 1543 cum

608 1572 772 1654 apud
840 1572 1195 1634 Strabonem
1257 1581 1317 1633 et
1378 1573 1642 1633 Plinium
1717 1574 1780 1633 in
1850 1574 1970 1633 fine
2034 1571 2388 1634 Chersonesi
2460 1572 2849 1634 describendo

608 1683 823 1724 nomen
889 1664 1044 1722 muri
1113 1664 1391 1743 usurpari
1459 1661 1771 1723 videamus
1786 1659 1860 1747 2).
1978 1663 2309 1722 Ptolemaei
2379 1672 2581 1722 tamen
2652 1672 2850 1723 aetate

609 1754 895 1814 terminus
967 1755 1123 1813 inter
1180 1751 1618 1813 Chersonesum
1679 1754 2171 1833 provinciamque
2232 1752 2552 1813 Thraciam
2629 1759 2663 1814 5
2728 1754 2853 1814 fere

609 1864 686 1903 m.
735 1864 795 1922 p.
844 1841 1149 1903 meridiem
1204 1862 1413 1902 versus
1469 1843 1793 1903 translatus
1841 1852 2001 1918 erat,
2058 1844 2143 1902 ita
2189 1852 2258 1902 ut
2302 1844 2422 1902 iam
2466 1842 2848 1922 Lysimachia

611 1942 671 1994 et
715 1933 940 2012 Pactye
986 1953 1109 1992 non
1139 1930 1490 1992 Chersonesi
1537 1931 1643 1992 sed
1688 1933 1987 1993 Thraciae
2032 1941 2250 1995 essent.
2322 1932 2622 1993 Videntur
2667 1934 2852 2009 igitur

609 2022 808 2100 Longi
839 2023 997 2082 Muri
1043 2022 1146 2081 illo
1190 2030 1460 2102 tempore
1491 2024 1710 2082 iterum
1744 2021 1958 2103 dilapsi
1990 2042 2117 2083 esse
2149 2030 2505 2103 tantumque
2540 2022 2853 2083 castellum

609 2113 859 2172 Macron
902 2112 1091 2171 tichos
1141 2109 1364 2171 dictum
1393 2113 1455 2171 in
1487 2111 1869 2191 Propontidis
1918 2132 2023 2172 ora
2071 2112 2438 2192 superfuisse
2455 2107 2528 2194 ⁸).
2604 2113 2851 2172 Minime

610 2210 810 2262 tamen
879 2223 936 2265 v,
1004 2200 1060 2264 d.
1133 2201 1386 2261 Miillero
1458 2202 1777 2283 assentior,
1853 2204 1957 2283 qui
2026 2203 2208 2262 etiam
2283 2201 2452 2261 illum
2521 2202 2851 2262 Ptolemaei

611 2293 931 2352 terminum
981 2281 1213 2375 (ὅριον)
1264 2311 1499 2351 murum
1545 2292 1732 2352 fuisse
1778 2293 1945 2372 vult3
2007 2290 2168 2373 quod
2226 2293 2277 2351 si
2321 2294 2407 2351 ita
2455 2300 2641 2366 esset,
2691 2301 2850 2351 certe

612 2394 820 2457 τεῖχος
873 2380 974 2441 vel
1030 2377 1337 2459 ὀχύρωμα
1395 2382 1496 2442 vel
1542 2380 1775 2462 aliquid
1822 2380 2110 2442 eiusmodi
2156 2380 2404 2442 dixisset
2448 2381 2846 2442 Ptolemaeus.

790 2469 1038 2531 Constat
1081 2472 1267 2547 igitur
1313 2472 1468 2530 inter
1515 2471 1697 2531 Plinii
1746 2482 1807 2532 et
1852 2472 2180 2532 Ptolemaei
2236 2480 2497 2531 aetatem
2542 2474 2848 2551 regionem

613 2562 841 2641 Pactye
874 2570 934 2621 et
965 2560 1398 2641 Lysimachiae,
1452 2581 1611 2642 quae
1644 2568 1811 2642 prius
1845 2562 2202 2623 Chersonesi
2246 2561 2462 2644 fuerat,
2511 2563 2856 2641 provinciae

612 2651 912 2711 Thraciae
960 2648 1225 2709 additam
1271 2670 1423 2710 esse.
1512 2651 1637 2712 Cur
1680 2672 1824 2712 vero
1872 2651 1934 2712 id
1978 2653 2207 2715 factum
2252 2653 2347 2731 sit,
2397 2671 2606 2731 parum
2657 2650 2855 2712 adhuc

611 2742 821 2822 liquet.
874 2775 949 2787 —

791 2830 1228 2891 Chersonesum
1289 2830 1611 2890 Thraciam
1674 2851 1808 2890 cum
1869 2831 2104 2912 reliqua
2152 2832 2463 2911 Agrippae
2521 2830 2855 2891 hereditate

610 2922 731 2980 iam
792 2918 870 2979 ad
926 2920 1270 2997 Augustum
1332 2921 1681 2999 pervenisse
1740 2921 1855 2981 Dio
1920 2921 2161 2982 Cassius
2225 2917 2359 3003 (54,
2412 2919 2522 3003 29)
2579 2919 2852 2995 tradidit3

613 3009 830 3070 deinde
890 3010 954 3069 in
1014 3031 1081 3069 re
1135 3010 1416 3069 familiari
1470 3012 1899 3090 imperatorum
1946 3009 2319 3090 aliquamdiu
2364 3010 2549 3070 fuisse
2594 3029 2629 3070 e
2676 3010 2853 3070 titulo

615 3102 756 3160 anni
806 3100 887 3159 55
933 3121 989 3179 p.
1023 3098 1161 3160 Chr.
1183 3094 1236 3182 4)
1285 3108 1557 3179 apparet.
1638 3099 1765 3160 Sub
1813 3101 2078 3161 Traiano
2127 3109 2268 3160 ante
2315 3121 2370 3163 a.
2427 3103 2552 3161 114
2599 3101 2859 3160 occurrit

609 3196 992 3274 procurator
1050 3190 1335 3274 reqionis
1384 3186 1765 3256 Chersonesi
1828 3188 1987 3274 (CIL
2035 3192 2072 3250 3
2086 3238 2102 3271 ,
2156 3192 2191 3249 7
2201 3190 2337 3269 26),
2404 3210 2582 3269 quem
2643 3209 2857 3270 parum

797 3382 842 3448 1)
881 3380 1226 3449 Dercyllidas
1264 3380 1617 3435 latitudinem
1654 3384 1721 3435 37
1762 3381 2065 3435 stadiorum
2104 3381 2381 3436 invenisse
2418 3381 2663 3436 traditur
2693 3382 2853 3450 (Xen.

620 3452 766 3508 Hell.
793 3455 843 3520 3,
865 3454 915 3519 2,
938 3453 1046 3523 10).
1105 3451 1303 3507 Strabo
1330 3454 1380 3520 7,
1407 3452 1476 3507 fr.
1503 3453 1574 3507 54
1611 3458 1669 3508 et
1695 3451 1892 3521 Scylax
1916 3454 1983 3507 67
2010 3469 2205 3521 parum
2235 3460 2524 3510 accurate:
2560 3456 2631 3509 40
2657 3452 2855 3509 stadia.

797 3523 1209 3593 Angustissima
1259 3540 1393 3579 sane
1443 3541 1573 3593 pars
1622 3523 1812 3579 isthmi
1861 3523 1950 3579 hic
1998 3541 2106 3579 non
2156 3530 2267 3592 est,
2326 3524 2423 3581 sed
2473 3526 2530 3581 in
2578 3525 2688 3580 alio
2736 3526 2856 3579 loco

618 3597 686 3650 16
714 3594 1062 3650 chiliometra
1098 3595 1382 3651 meridiem
1420 3612 1616 3652 versus
1654 3596 1914 3664 distante,
1952 3596 2047 3650 ubi
2081 3596 2268 3653 cervix
2292 3596 2480 3652 isthmi
2506 3596 2856 3652 latitudinem

618 3667 724 3722 600
752 3670 910 3722 metr.
931 3666 1115 3722 habet.
1172 3667 1335 3734 Apud
1359 3667 1707 3723 Hexamilion
1732 3672 1920 3723 tamen
1945 3667 2167 3723 videtur
2191 3668 2369 3723 solum
2395 3670 2575 3738 magis
2602 3668 2854 3723 idoneum

615 3754 737 3794 esse
787 3736 858 3793 ad
905 3754 1118 3793 murum
1154 3738 1245 3794 vel
1287 3738 1358 3794 ad
1407 3739 1615 3794 fossam
1663 3739 1965 3794 ducendam
2005 3738 2112 3800 (Cf.
2150 3740 2422 3808 tabulam,
2479 3756 2619 3808 quae
2669 3755 2854 3796 eorum

613 3810 785 3878 iussn,
825 3810 916 3878 qui
954 3810 1225 3866 exercitui
1263 3812 1542 3866 austriaco
1579 3815 1861 3879 praesunt,
1901 3810 2152 3866 confecta
2191 3813 2316 3880 est).

796 3882 841 3943 ²)
881 3882 1078 3936 Strabo
1099 3885 1148 3948 7,
1165 3881 1231 3935 fr.
1248 3884 1342 3936 56:
1370 3882 1490 3933 εἶτα
1508 3880 1861 3937 Καλλίπολις.
1880 3921 1890 3933 .
1919 3881 2038 3932 εἶτα
2062 3922 2072 3934 .
2091 3922 2101 3934 .
2132 3883 2399 3954 Κριθωτή
2423 3904 2433 3914 ·
2455 3882 2574 3934 εἶτα
2604 3884 2824 3950 Πακτύη
2842 3905 2854 3917 ·

615 3952 734 4004 εἶτα
772 3953 837 4004 τὸ
873 3953 1084 4025 μακρὸν
1121 3967 1289 4018 τεῖχος
1328 3959 1413 4004 καὶ
1452 3955 1625 4020 Λευκή
1664 3954 1798 4020 ἀκτή
1838 3959 1942 4008 etc,

794 4024 934 4080 Plin.
982 4026 1131 4093 4,43:
1184 4027 1265 4095 „A
1308 4026 1537 4081 Dorisco
1583 4026 1906 4081 incurvatur
1954 4042 2050 4081 ora
2097 4026 2168 4081 ad
2216 4027 2440 4080 Macron
2489 4027 2668 4083 tichos
2707 4027 2856 4083 CXII

616 4113 668 4165 p.
692 4135 705 4150 .
727 4135 739 4149 .
767 4098 814 4151 .“
854 4094 1031 4164 (Unde
1071 4102 1305 4165 apparet
1342 4097 1510 4152 etiam
1548 4097 1644 4151 illo
1682 4102 1931 4166 tempore
1968 4097 2190 4167 Longos
2239 4113 2425 4152 muros
2476 4098 2546 4153 ad
2582 4099 2856 4155 Melanem

618 4168 796 4223 sinum
833 4167 1191 4237 pertinuisse)
1244 4168 1426 4237 „inter
1471 4168 1577 4223 duo
1625 4168 1799 4223 maria
1843 4176 2132 4238 porrectus
2179 4184 2368 4223 murus
2406 4170 2652 4225 excludit
2690 4170 2851 4225 Cher·

618 4240 925 4296 sonesum“.
985 4242 1086 4296 44:
1126 4238 1296 4309 „Inde
1332 4238 1403 4295 ad
1438 4256 1654 4295 murum
1692 4256 1858 4309 supra
1896 4240 2103 4295 dictum
2130 4239 2235 4309 CL,
2274 4241 2341 4296 ab
2381 4256 2444 4296 eo
2484 4241 2855 4299 Chersonesus

622 4310 868 4367 CXXVI.
905 4311 1201 4367 Deseritur
1237 4317 1295 4366 et
1330 4310 1681 4380 Lysimachia
1717 4312 1827 4366 iam
1869 4312 1925 4365 in
1965 4313 2356 4368 Chersoneso“.

799 4383 842 4454 ⁸)
881 4383 1036 4451 Quod
1072 4398 1268 4452 parum
1304 4388 1474 4448 recte,
1512 4389 1577 4438 ut
1615 4383 1825 4453 opinor,
1865 4383 2131 4439 Miillerus
2176 4383 2534 4453 vituperavit.

799 4453 841 4526 4)
880 4453 998 4510 CIL
1035 4457 1085 4523 3,
1126 4455 1288 4511 7380:
1329 4453 1562 4510 familiai
1600 4454 1869 4510 Caesaris.
