3200 5217
1564 472 2007 532 ..70.....

835 648 1062 712 Tituli:
1114 646 1244 709 CIL
1292 648 1352 728 3,
1400 668 1504 728 pp.
1560 650 1706 729 144,
1760 649 1918 722 997,
1975 649 2142 710 1358
2192 647 2263 711 cf.
2311 667 2413 707 nn.
2466 649 2659 721 7613,
2715 649 2910 729 7615,

666 740 871 813 7622,
926 734 1154 804 76238.
1249 735 1589 815 Πανδώρα,
1647 738 1813 799 1868
1863 737 2026 817 (Kal.
2073 732 2267 819 Iun.);
2330 737 2559 813 Perrot,
2607 738 2787 799 Mem.
2843 759 2910 818 Ρ.

659 831 818 906 4473
867 823 1247 908 Desjardins,
1300 827 1522 888 Annali
1566 826 1708 888 dell’
1757 828 1904 890 Inst.
1960 828 2159 902 1868,
2223 847 2284 907 p.
2338 827 2456 903 963
2508 831 2681 888 ΕΦΣ
2724 832 2796 900 4,
2846 849 2909 907 p.

661 920 815 994 106,
873 919 1027 994 1073
1089 918 1383 977 Memores
1429 916 1507 978 de
1552 917 1592 974 l'
1642 915 1835 984 Acad.
1887 914 1962 977 de
2007 917 2171 978 Metz
2220 917 2335 989 39,
2401 936 2461 995 p.
2512 918 2671 989 378,
2745 918 2909 991 379;

656 1006 888 1082 Allard,
937 1007 1030 1066 La
1075 1006 1363 1084 Bulgarie
1409 1004 1715 1068 Orientale
1764 1004 1963 1090 (Paris
2001 1002 2201 1086 1864)
2251 1026 2312 1085 p.
2365 1007 2480 1080 693
2528 1007 2704 1068 ΛΕΜ
2737 1008 2795 1081 6,
2842 1028 2909 1087 Ρ.

661 1101 738 1158 18
788 1117 878 1177 sq.
928 1097 1008 1177 (n.
1060 1096 1358 1168 37-55,
1419 1097 1706 1173 57—77)
1757 1091 1920 1175 et‘p.
1973 1096 2051 1155 51
2104 1098 2185 1172 (n.
2238 1095 2347 1174 97)
2393 1095 2569 1155 ΑΕΜ
2618 1099 2687 1180 8,
2749 1117 2810 1176 Ρ.
2861 1100 2905 1157 4

654 1187 736 1266 (n.
790 1188 883 1267 9),
941 1206 997 1262 Ρ.
1058 1187 1094 1245 6
1145 1182 1233 1269 (n.
1289 1184 1421 1265 15),
1483 1206 1541 1265 Ρ.
1592 1187 1631 1245 8
1681 1205 1771 1265 sp.
1823 1181 1911 1267 (n.
1964 1186 2254 1258 21—44,
2316 1180 2641 1268 48-65),
2701 1206 2763 1265 Ρ.
2814 1186 2900 1245 33

654 1274 736 1357 (n.
787 1276 868 1354 2).
960 1276 1134 1336 ΔΕΜ
1187 1279 1286 1349 11,
1336 1295 1396 1354 Ρ.
1448 1271 1865 1356 41-61,(cf.
1910 1274 2085 1335 ΔΕΜ
2139 1277 2237 1347 12,
2287 1293 2341 1349 Ρ.
2396 1276 2574 1355 127),
2624 1295 2727 1355 ΡΡ.
2780 1276 2907 1350 62.,

658 1366 764 1446 63,
817 1364 900 1425 65
933 1366 1018 1444 (n.
1059 1359 1232 1447 139).
1326 1364 1501 1423 ΛΕΜ
1538 1366 1638 1438 14,
1687 1384 1740 1440 Ρ.
1778 1364 2058 1425 22-32,
2154 1368 2326 1425 ΕΦΣ
2361 1364 2550 1439 1889,
2601 1385 2660 1444 Ρ.
2697 1366 2779 1426 36
2812 1385 2905 1445 sq.

831 1454 1062 1515 Urbem
1117 1455 1340 1514 Tomos
1402 1474 1500 1514 vv.
1565 1452 1664 1515 dd.
1713 1455 2069 1514 vetustiores
2136 1452 2298 1533 apud
2369 1452 2741 1522 Tultscham
2801 1463 2911 1514 aut

654 1546 853 1604 vicum
900 1542 1199 1624 quendam
1239 1543 1577 1611 Tomisvar
1622 1541 2077 1607 collocaverant.
2145 1542 2513 1603 Tzschukke
2558 1541 2637 1603 ad
2680 1544 2904 1606 Melam

663 1636 724 1707 3,
777 1636 835 1709 2,
886 1654 944 1713 Ρ.
1000 1637 1111 1713 88;
1177 1633 1269 1693 La
1323 1634 1623 1712 Motraye,
1672 1634 1951 1713 Voyages
2015 1634 2052 1692 2
2076 1678 2090 1706 ,
2154 1655 2211 1718 Ρ.
2276 1634 2435 1708 2083
2498 1633 2795 1712 Forbiger
2847 1642 2911 1694 et

661 1723 873 1786 Smith.
968 1723 1237 1797 PrimuS,
1287 1721 1450 1803 quod
1497 1724 1709 1795 sciam,
1758 1724 1832 1783 A.
1879 1721 2345 1803 Papadopoulos
2390 1722 2643 1796 Vretos,
2695 1724 2909 1786 consul

661 1813 932 1875 Graecus
981 1814 1243 1886 Varnae,
1307 1821 1468 1873 recte
1521 1831 1713 1893 prope
1757 1810 2231 1880 Konstantz‘am
2289 1815 2462 1889 (turc.
2513 1812 2906 1899 Kastendje')

664 1902 1000 1977 collocavit,
1048 1903 1111 1961 in
1158 1858 1310 1962 colle
1354 1900 1732 1970 Anatolkioi
1751 1897 1819 1985 ¹).

839 1991 1165 2073 Kiepertus
1213 1989 1455 2071 quidem
1505 1991 1662 2068 (CIL
1712 1995 1771 2067 3,
1819 2011 1879 2070 Ρ.
1918 1988 2071 2074 997)
2118 1990 2338 2054 ,Tomos
2387 1988 2464 2049 ad
2514 1991 2773 2051 Anatol—
2783 1992 2912 2051 kioi

660 2081 970 2162 ponendos
1033 2101 1165 2142 esse
1224 2089 1428 2159 negat.
1488 2080 1748 2142 Videtur
1810 2089 2012 2140 tamen
2072 2081 2205 2159 ipsa
2265 2079 2410 2139 urbs
2473 2081 2807 2183 paullulum
2871 2101 2911 2141 a

659 2173 834 2234 litore
880 2179 1110 2232 remota
1154 2171 1343 2232 fuisse
1390 2183 1450 2229 et
1497 2191 1534 2230 a
1566 2167 1952 2238 Constantia
2000 2166 2128 2253 (vel
2161 2165 2667 2275 Constantiana)
2715 2172 2906 2247 primo

661 2260 939 2321 distincta
986 2279 1134 2323 esse.
1226 2259 1394 2323 Proc.
1429 2258 1633 2320 Aedis.
1670 2261 1832 2320 307.
1883 2254 2375 2321 Κωνσταντιανά
2417 2268 2477 2319 et
2520 2260 2678 2321 308:
2728 2259 2795 2321 ἐν
2842 2262 2910 2321 δὲ

662 2355 737 2428 τῆ
795 2353 1198 2430 μεσογείᾳ...
1271 2347 1467 2423 Τόμις.
1562 2350 1826 2410 Hierocl.
1888 2351 2048 2410 637.
2132 2344 2313 2428 Τόμις
2329 2394 2502 2413 .....
2572 2357 2908 2412 Κωνσταν-

662 2437 858 2501 τιανά.
953 2439 1042 2501 Of.
1092 2439 1322 2499 Sozom.
1373 2441 1456 2518 M.
1504 2440 1576 2502 Ε.
1628 2441 1700 2514 6,
1753 2441 1857 2499 21.
1951 2436 2129 2514 Quod
2196 2439 2494 2516 insignem
2548 2440 2612 2499 in
2669 2438 2911 2500 modum

665 2529 1007 2589 confirmari
1064 2528 1301 2589 videtur
1361 2530 1462 2604 iis,
1528 2549 1687 2609 quae
1742 2527 2062 2609 Pelopidas
2108 2528 2401 2609 Kouppas
2467 2526 2665 2613 (ΕΦΣ
2717 2532 2909 2609 1889,

664 2640 723 2699 Ρ.
775 2620 855 2679 36
906 2614 1028 2699 sq.)
1078 2618 1152 2677 de
1198 2619 1317 2679 situ
1364 2627 1426 2678 et
1480 2618 1751 2699 reliquiis
1796 2619 2121 2678 'Pomorum
2179 2619 2475 2695 exposuit.
2570 2620 2641 2679 In
2697 2639 2907 2699 campo

673 2710 831 2768 enim
879 2707 1075 2768 arenis
1121 2707 1363 2781 obruto,
1428 2710 1534 2789 qui
1578 2710 1736 2769 inter
1766 2707 2190 2776 Anatol-kioi
2235 2716 2297 2768 et
2338 2708 2484 2769 litus
2525 2710 2704 2770 maris
2750 2706 2912 2788 quod

664 2796 841 2858 hodie
890 2806 981 2858 est
1026 2806 1223 2878 patet,
1289 2808 1410 2857 tres
1457 2797 1663 2857 effodit
1708 2798 1943 2871 tituloS,
2009 2818 2043 2859 e
2098 2797 2320 2877 quibus
2381 2807 2630 2879 apparet
2692 2818 2909 2858 nomen

679 2886 863 2961 Τόμις
906 2907 1100 2966 usque
1146 2885 1223 2946 ad
1253 2906 1404 2948 saec.
1436 2887 1598 2948 XIII
1643 2885 2026 2947 adservatum
2068 2906 2216 2948 esse.
2294 2886 2551 2947 Videtur
2595 2896 2909 2969 praeterea

667 2976 773 3036 ille
821 2997 1065 3058 campus
1113 2976 1251 3035 olim
1298 2984 1506 3058 portus
1551 2978 1770 3056 ingens
1815 2977 2020 3058 fuisse,
2068 2978 2156 3036 ita
2200 2984 2271 3036 ut
2300 2985 2461 3037 recte
2492 2978 2713 3038 Tomos
2749 2975 2909 3059 apud

675 3066 922 3126 Anatol-
939 3065 1063 3125 kioi
1124 3065 1344 3126 Vretos
1413 3066 1813 3128 collocaverit.
1930 3067 2164 3126 Monuit
2234 3075 2434 3130 autem
2489 3067 2782 3152 Kouppas
2850 3087 2914 3129 se

671 3156 930 3235 vestigia
973 3157 1276 3215 moenium
1320 3157 1644 3237 invenisse,
1694 3155 1915 3236 quibus
1960 3154 2201 3217 videtur
2246 3165 2373 3216 tota
2419 3156 2587 3236 regio
2631 3167 2756 3216 tam
2802 3158 2909 3216 cir-

671 3266 803 3306 cum
852 3245 1246 3305 Anatol-kioi
1293 3265 1475 3326 quam
1521 3245 1598 3306 ad
1646 3245 2065 3306 Constantzam
2114 3245 2482 3306 circumdata
2528 3266 2659 3307 esse
2677 3242 2753 3330 2).

849 3334 1190 3398 Verisimile
1234 3336 1421 3414 igitur
1459 3344 1571 3417 est,
1622 3337 1835 3396 Tomos
1867 3336 2188 3419 praecipue
2220 3334 2296 3396 ad
2329 3335 2729 3397 Anatol-kioi
2770 3337 2912 3396 sitas

673 3425 873 3501 fuisse,
922 3444 1118 3504 usque
1164 3443 1306 3485 vero
1353 3423 1430 3484 ad
1462 3424 1876 3486 Constantiam
1921 3426 2298 3507 pertinuisse,
2347 3427 2433 3485 ita
2477 3436 2546 3486 ut
2591 3446 2712 3487 uno
2744 3446 2912 3486 muro

675 3513 891 3573 ambae
937 3514 1117 3574 urbes
1165 3513 1587 3596 comprehendi
1634 3524 1891 3597 possent.

855 3602 921 3663 Si
954 3602 1195 3684 quidem
1226 3604 1436 3664 titulus
1468 3603 1600 3664 CIL
1634 3606 1693 3680 3,
1747 3606 1917 3667 7484
1964 3614 2126 3665 recte
2158 3603 2234 3664 ad
2266 3605 2486 3665 Tomos
2532 3605 2756 3665 relatus
2802 3612 2911 3678 est,

676 3691 957 3754 videntur
1025 3694 1202 3753 Tomi
1279 3694 1390 3754 sub
1471 3695 1651 3754 finem
1722 3714 1873 3756 saec.
1944 3695 2056 3756 ΙΙΙ.
2142 3695 2427 3775 municipi
2494 3695 2748 3756 Romani
2822 3696 2913 3754 ius

863 3942 906 4010 ¹)
946 3939 1212 3995 Memoria
1250 3955 1315 3995 su
1351 3940 1407 3995 la
1445 3945 1703 4009 scoperta
1742 3939 1798 3994 di
1834 3939 1995 3995 Tomi
2032 3956 2063 3995 c
2101 3940 2246 3996 sulla
2292 3939 2542 4011 bilingue.
2589 3940 2916 3998 inscrizione

679 4011 977 4068 rinvenuta
1014 4012 1072 4065 in
1110 4012 1298 4066 Varna
1335 4012 1556 4080 (Athen.
1600 4013 1785 4081 1853);
1826 4011 1894 4067 cf.
1933 4011 2227 4068 Memoires
2264 4011 2331 4068 de
2367 4012 2575 4069 l’Acad.
2614 4013 2711 4069 des
2748 4014 2914 4069 Inscr.

685 4085 824 4139 1853
862 4083 1080 4154 (scance
1118 4084 1185 4137 de
1225 4086 1290 4136 22
1324 4082 1563 4154 juillet);
1603 4090 1662 4139 et
1696 4055 1925 4150 Vr'etos,
1975 4084 2055 4138 La
2092 4083 2355 4154 Bulgarie
2401 4083 2665 4140 ancienne
2715 4089 2775 4140 et
2808 4101 2917 4139 mo·

684 4154 869 4221 derne,
909 4154 1215 4238 (Petropoli
1256 4154 1415 4224 1856)
1452 4171 1504 4223 p.
1546 4126 1648 4210 119
1686 4172 1766 4223 sq.
1810 4156 1961 4211 1886.

869 4225 1068 4280 Mirum
1106 4225 1164 4280 in
1200 4225 1420 4281 modum
1456 4227 1680 4282 Boeckh
1718 4226 1860 4298 (CIG
1900 4227 2059 4298 2056)
2098 4234 2157 4282 et
2192 4228 2406 4282 Becker
2454 4227 2493 4299 (l
2549 4229 2618 4298 c.)
2656 4229 2916 4283 Constan-

685 4298 823 4352 tiam
861 4297 1092 4352 candem
1131 4312 1253 4353 esse
1290 4313 1355 4353 ac
1391 4299 1635 4353 Varnam
1671 4302 2024 4367 putaverunt.

864 4368 912 4439 ς1)
971 4367 1146 4423 Valde
1206 4368 1498 4425 dolendum
1561 4374 1651 4425 est
1707 4369 1928 4425 tabulas
1988 4370 2165 4425 totius
2225 4370 2375 4426 illius
2434 4371 2707 4442 regionis,
2784 4388 2918 4442 quas

683 4440 950 4511 Kouppas
987 4440 1322 4510 confecerat,
1361 4445 1540 4498 morte
1573 4441 1867 4512 repentina
1904 4441 2022 4499 eius
2058 4441 2317 4513 periisse.
