3200 5217
1486 541 1921 606 ...Μ-

588 718 805 785 deinde
852 743 996 785 vero
1043 723 1335 785 nonnulla
1381 744 1458 784 ex
1505 744 1614 784 sua
1656 726 1898 805 propria
1931 733 2128 785 aetate
2159 719 2474 807 addidisse,
2522 721 2609 785 ita
2639 735 2838 785 tamen

588 825 655 875 ut
701 814 851 874 nihil
894 822 1153 874 mutaret
1198 834 1275 875 ex
1319 815 1391 873 iis
1439 834 1594 894 quae
1642 815 1807 895 prius
1852 815 2183 896 scripserat.

767 903 1076 965 Eiusmodi
1134 903 1375 984 quidem
1421 902 1895 964 additamentum
1940 902 2178 964 videtur
2225 924 2373 979 esse,
2422 902 2586 985 quod
2632 904 2708 965 de
2754 906 2838 965 50

588 995 891 1072 strategiis
924 992 1120 1054 tradit.
1189 993 1531 1054 Verisimile
1564 994 1723 1053 enim
1754 1004 1842 1053 est
1870 994 2161 1054 Moesiam
2193 1013 2436 1075 quoque
2465 996 2531 1053 in
2558 996 2839 1071 regiones

590 1082 906 1143 discretam
953 1103 1101 1156 esse,
1154 1102 1288 1142 cum
1333 1084 1396 1143 in
1442 1083 1615 1142 titulo
1665 1084 1877 1143 aetatis
1915 1084 2058 1164 imp.
2095 1082 2308 1145 Claudi
2340 1081 2499 1164 (CIL
2529 1084 2591 1157 5,
2645 1085 2838 1162 1838)

588 1182 1077 1238 commemoretur
1128 1174 1488 1258 praefectus
1548 1174 1907 1240 civitatium
1956 1174 2234 1241 Moesiae
2294 1180 2352 1240 et
2407 1172 2757 1241 Trebelliae
2772 1173 2839 1254 ¹).

589 1262 793 1337 Quare
843 1264 927 1323 50
959 1262 1078 1321 illis
1110 1264 1410 1341 strategiis
1441 1261 1723 1322 videntur
1756 1264 1935 1322 etiam
1971 1265 2249 1342 regiones
2280 1264 2543 1324 Moesiae
2575 1283 2841 1343 compre-

587 1350 798 1428 hendi3
851 1372 1010 1432 quae
1058 1372 1422 1433 quamquam
1469 1354 1809 1438 strateyiae
1855 1353 2193 1432 appellatae
2228 1373 2359 1413 esse
2389 1373 2508 1412 non
2541 1351 2839 1425 videntur,

588 1462 624 1500 a
656 1441 849 1501 Plinio
896 1452 1096 1501 tamen
1147 1462 1279 1501 cum
1310 1442 1612 1501 Thraciae
1658 1444 2003 1520 regionibus
2049 1444 2502 1529 strategiarum
2548 1442 2841 1502 vocabulo

598 1529 1019 1607 comprehendi
1066 1531 1242 1590 facile
1288 1541 1586 1611 poterant.
1684 1530 1857 1607 Quod
1906 1534 1956 1591 si
2001 1534 2087 1592 ita
2134 1543 2238 1610 est,
2287 1532 2464 1593 facile
2510 1533 2844 1611 explicatur

589 1619 1006 1701 discrepantia,
1058 1641 1215 1702 quae
1260 1630 1350 1681 est
1395 1622 1552 1681 inter
1581 1642 1860 1683 numeros
1907 1642 1943 1681 a
1973 1621 2170 1681 Plinio
2218 1631 2401 1702 atque
2431 1642 2468 1681 a
2501 1621 2842 1681 Ptolemaeo

588 1709 865 1787 traditos3
914 1731 1053 1770 nam
1086 1710 1375 1772 eiusmodi
1408 1711 1800 1772 divisionibus
1831 1720 1901 1771 ut
1932 1706 2159 1790 ὀρεινὴ,
2207 1713 2485 1772 πεδιασία
2517 1713 2843 1791 strategiae

594 1803 672 1861 14
720 1801 781 1859 in
830 1802 916 1861 50
963 1803 1176 1879 angeri
1222 1802 1328 1860 vix
1373 1821 1542 1882 posse
1589 1800 1890 1862 videntur.

738 1890 970 1950 ‘Altera
1037 1911 1182 1951 vero
1249 1891 1355 1949 illa
1416 1893 1740 1968 sententia,
1812 1900 2043 1972 partem
2114 1900 2346 1951 tantum
2409 1892 2834 1969 strategiarum

585 1980 884 2040 Thraciae
929 2001 966 2039 a
1004 1979 1350 2040 Ptolemaeo
1397 1982 1713 2053 nominari,
1761 1982 1999 2042 omnino
2045 1980 2438 2060 improbanda
2475 1989 2593 2057 est3
2644 1981 2843 2041 Ptole-

587 2071 742 2129 maei
789 2071 946 2129 enim
994 2072 1362 2131 enumeratio
1411 2080 1532 2129 tam
1579 2079 1859 2130 accurata
1905 2080 2012 2152 est,
2063 2083 2132 2130 ut
2159 2091 2403 2152 prorsus
2434 2081 2707 2151 apertum
2740 2071 2841 2144 sit,

585 2159 677 2218 his
731 2163 810 2220 14
857 2160 1208 2237 regionibus
1254 2168 1440 2219 totam
1486 2162 1856 2240 provinciam
1905 2162 2215 2222 contineri.

763 2249 1102 2328 Strategiae
1133 2250 1426 2309 Thraciae
1455 2248 1738 2310 videntur
1786 2249 1993 2311 eodem
2036 2260 2319 2330 tempore,
2372 2271 2490 2330 quo
2536 2253 2670 2330 ipsa
2712 2270 2843 2330 pro-

588 2340 789 2398 vincia
835 2340 1196 2400 constitutae
1243 2360 1402 2415 esse,
1463 2349 1531 2399 ut
1578 2339 1749 2400 docet
1792 2342 2005 2401 titulus
2053 2341 2166 2400 sub
2215 2339 2465 2400 Claudio
2522 2341 2753 2420 positus
2769 2335 2842 2423 2).

587 2429 926 2497 Praetores
989 2428 1382 2513 (στρατηγοὶ)
1449 2431 1534 2489 eis
1597 2430 1915 2509 praefuere
1933 2426 2017 2514 ⁸);
2081 2430 2363 2490 videntur
2424 2431 2485 2488 in
2538 2432 2848 2502 πολιτείας

590 2518 914 2601 (civitates)
964 2527 1024 2578 et
1068 2515 1284 2593 κώμας
1332 2520 1542 2601 (vicos)
1588 2519 1820 2580 divisae
1866 2540 2000 2580 esse
2017 2515 2084 2601 4).

769 2609 980 2668 Restat
1039 2619 1108 2668 ut
1166 2611 1486 2688 strategias
1556 2613 1664 2692 14,
1728 2630 1878 2690 quas
1933 2610 2312 2670 Ptolemaeus
2369 2618 2669 2684 recenset,
2732 2629 2841 2689 pro

590 2699 752 2759 virili
811 2707 982 2778 parte
1045 2696 1460 2772 discribamus,
1525 2698 1586 2758 id
1644 2699 1805 2779 quod
1860 2720 2034 2759 nemo
2098 2698 2295 2758 adhuc
2369 2709 2661 2780 quantum
2719 2700 2840 2758 scio

592 2797 828 2869 praeter
858 2788 1256 2865 Forbigerum
1305 2787 1391 2869 (3,
1440 2789 1638 2872 1077)
1685 2790 1845 2864 fecit,
1897 2809 2075 2869 quem
2121 2800 2323 2850 tamen
2366 2791 2430 2847 in
2470 2788 2850 2870 discriptione

592 2898 701 2938 sua
757 2877 1110 2938 brevissima
1163 2878 1345 2955 longe
1402 2899 1439 2937 a
1494 2899 1639 2938 vero
1694 2880 2007 2939 aberrasse
2054 2880 2346 2939 existimo.
2442 2879 2659 2959 Neque
2704 2898 2847 2938 vero

591 2968 769 3028 facile
826 2978 918 3027 est
971 2968 1106 3026 illas
1161 2970 1435 3043 regiones
1493 2966 1770 3043 definire,
1830 2990 1964 3029 cum
2026 2970 2363 3050 scriptorun
2423 2970 2759 3029 testimonia
2814 2988 2850 3027 e

592 3059 774 3117 variis
819 3057 1083 3117 fontibus
1128 3077 1342 3136 parum
1390 3070 1668 3118 accurate
1714 3059 2036 3138 compilata
2082 3079 2264 3138 saepe
2309 3060 2537 3118 incerta
2583 3060 2719 3119 sint.

769 3146 1101 3207 Ptolemaei
1157 3145 1397 3226 quidem
1468 3146 1735 3208 ordinem
1804 3159 2072 3221 secutuS,
2143 3148 2424 3226 regiones
2495 3150 2580 3207 ita
2643 3146 2846 3207 studui

595 3235 933 3309 discribere,
982 3247 1050 3296 ut
1096 3257 1230 3296 cum
1277 3236 1670 3297 divisionibus
1715 3240 2061 3318 provinciae
2092 3259 2128 3297 a
2158 3249 2374 3297 natura
2414 3238 2624 3318 positis
2667 3256 2847 3318 quam

592 3328 849 3387 maxime
898 3327 1295 3389 concinerent.

769 3416 919 3476 Ptol.
976 3416 1016 3478 l.
1068 3436 1149 3478 c.:
1214 3410 1425 3494 „Hoog
1477 3415 1592 3489 μὲν
1649 3425 1783 3489 ταῖς
1839 3420 2101 3489 Μυσίαις
2154 3419 2254 3476 καὶ
2298 3420 2439 3496 περὶ
2486 3411 2601 3477 τὸν
2646 3413 2845 3489 Αἷμον

594 3503 665 3566 τὸ
735 3499 912 3583 ὅρος,
985 3502 1357 3583 ἀρχομένοις
1434 3502 1560 3566 ἀπὸ
1641 3507 1928 3579 ὁυσμῶνε
2012 3503 2467 3585 Δανθηλητικὴ,
2546 3504 2841 3585 Σαρὸικὴ,

605 3589 1031 3672 Οὐσδικησικὴ,
1082 3592 1442 3674 Σελλητικὴ.

783 3716 827 3782 ²)
866 3740 936 3761 =
958 3715 1143 3771 Wilm.
1174 3717 1332 3772 1618.
1395 3717 1479 3771 De
1518 3715 1633 3771 situ
1670 3732 1859 3771 earum
1886 3716 2195 3786 disputavit
2220 3717 2652 3784 Domaszewski‚
2690 3717 2844 3772 Neue

597 3785 952 3857 Heidelberg.
994 3787 1353 3856 Jahrbiicher‚
1395 3789 1534 3842 1890
1570 3805 1622 3857 p.
1657 3790 1756 3842 195
1796 3805 1874 3856 sq.
1939 3789 2022 3843 Cf.
2086 3788 2423 3856 Hirschfeld,
2464 3787 2840 3858 Sitzungsber.

597 3858 696 3913 der
731 3859 877 3913 Berl.
917 3859 1094 3915 Akad.
1137 3860 1306 3928 1889,
1342 3877 1393 3930 p.
1422 3862 1556 3928 423;
1612 3861 1943 3929 Mommsen,
1984 3861 2214 3916 Hermes
2256 3864 2338 3928 22,
2378 3861 2485 3914 554
2521 3860 2644 3916 adn.
2684 3863 2733 3927 2,
2784 3866 2844 3915 et

599 3929 907 4056 Romisfhss
936 3931 1267 3986 Geschichts
1306 3937 1357 3999 ὁ,
1401 3933 1484 4035 131,
1523 3931 1738 4015 adm-1.
2095 4004 2105 4015 ι
2440 4003 2453 4016 .

780 4007 821 4144 δὲ
859 4010 1195 4130 035¹?ssssss
1200 4001 2565 4146 ·.{‡{a.‘².;..0{·..¹2²55315;¹¹‘..{⁵255.5.};32}³ffl·0.
2618 4076 2690 4129 aa
2725 4091 2840 4130 rem

597 4145 894 4201 militarem
936 4155 1206 4214 spectare.
1283 4145 1366 4200 Cf.
1408 4148 1726 4215 Mommsen,
1763 4146 1829 4201 R.
1871 4145 1935 4201 G.
1975 4149 2025 4215 5,
2063 4164 2114 4216 p.
2146 4150 2265 4214 281,
2304 4148 2426 4202 adn.
2474 4152 2519 4202 2.
2595 4147 2840 4202 Eandem

597 4217 870 4272 rationem
906 4218 1219 4273 habuerunt
1245 4219 1414 4273 etiam
1435 4222 1596 4284 νομοί
1617 4235 1768 4287 prov.
1800 4220 2062 4288 Aegypti,
2101 4221 2191 4286 qui
2220 4236 2252 4274 a
2278 4232 2589 4291 στρατηγοῖς
2614 4218 2839 4273 admini-

598 4287 767 4343 strati
805 4297 950 4343 sunt.
1025 4289 1355 4357 Marquardt
1395 4291 1443 4356 1,
1469 4293 1591 4344 447.

776 4358 824 4430 4)
862 4359 1172 4429 Selymbria
1210 4360 1343 4416 urbs
1381 4361 1513 4416 olim
1551 4361 1738 4418 valida
1778 4368 1838 4418 et
1876 4363 2060 4432 ampla
2098 4361 2197 4417 sub
2223 4361 2653 4433 imperatoribus
2690 4361 2840 4429 κώμη

599 4429 817 4488 dicitur.
882 4431 965 4487 cf.
1019 4431 1181 4488 infra.
1233 4433 1482 4489 Alteram
1536 4434 1724 4503 κώμην
1771 4435 1897 4490 vide
1943 4451 2030 4504 ap.
2065 4433 2310 4489 Dumont
2345 4452 2396 4504 p.
2433 4436 2560 4503 3163
2614 4434 2839 4489 tertiam

596 4503 728 4561 ibid.
766 4520 818 4575 p.
846 4505 970 4573 331,
1008 4520 1059 4560 n.
1088 4505 1172 4561 26.
1237 4504 1405 4560 Vicos
1431 4506 1731 4562 Thracicos
1772 4507 2056 4577 congessit
2078 4506 2351 4576 Homolle,
2389 4506 2518 4561 ibid.
2556 4522 2608 4577 p.
2634 4508 2755 4560 499.
