3200 5217
1588 551 1987 614 ωἳω

849 727 942 795 De
966 723 1307 801 fontibus
1325 729 1486 795 unde
1507 736 1847 795 memoriam
1871 756 2067 795 rerum
2084 733 2384 795 Thraciae
2406 745 2603 796 aetate
2618 732 2918 796 Romano·

669 845 803 885 rum
850 834 1156 903 gestarum
1201 822 1549 901 depromere
1593 825 1790 899 liceat,
1838 845 2035 906 pauca
2075 823 2406 905 praefanda
2435 845 2565 886 esse
2595 824 2880 886 videntur
2896 849 2916 885 ε

848 914 1100 995 Titulos,
1144 913 1446 994 praesidia
1483 934 1680 974 rerum
1706 915 1888 994 longe
1920 915 2266 994 certissima,
2304 916 2529 995 primus
2552 915 2919 975 Dumontius

672 1005 954 1082 colligere
999 1014 1246 1065 conatus
1293 1013 1409 1081 est3
1458 1006 1629 1065 cuius
1660 1005 1927 1064 laborem
1960 1013 2151 1065 morte
2178 1005 2576 1085 interruptum
2610 1005 2913 1080 Hemone,

668 1104 739 1154 ut
784 1114 968 1175 supra
999 1093 1144 1167 dixi,
1194 1095 1440 1174 egregie
1471 1095 1743 1169 confecit,
1791 1096 1878 1153 ita
1916 1110 1985 1154 ut
2015 1095 2164 1154 nihil
2194 1115 2389 1176 paene
2416 1097 2536 1155 iam
2568 1092 2915 1156 addendum

668 1185 764 1256 sit,
812 1184 925 1244 nisi
973 1203 1129 1264 quae
1177 1204 1334 1244 anno
1379 1186 1652 1265 proximo
1698 1205 1856 1244 nova
1901 1183 2267 1264 prodierunt.

844 1273 1088 1333 Nummi
1154 1275 1278 1334 cusi
1333 1282 1474 1335 sunt
1538 1276 1605 1333 in
1665 1278 1743 1335 19
1791 1274 2042 1334 urbibus
2088 1275 2384 1335 Thraciae
2397 1272 2477 1359 ¹),
2551 1284 2711 1335 certe
2768 1273 2915 1334 inde

668 1384 705 1423 a
758 1363 1103 1422 Domitiano
1157 1383 1354 1443 usque
1408 1363 1483 1423 ad
1541 1362 1916 1445 Gallienum3
1976 1374 2216 1425 exstant
2267 1375 2577 1445 praeterea
2631 1365 2911 1445 Byzantii

667 1453 892 1512 nummi
946 1451 1088 1512 inde
1145 1453 1222 1512 ab
1277 1456 1585 1534 Augusto,
1645 1453 1914 1514 Perinthi
1971 1453 2111 1513 inde
2163 1474 2200 1514 a
2247 1453 2527 1526 Claudio,
2584 1455 2913 1514 Maroneae

664 1540 806 1602 inde
862 1562 900 1601 a
943 1542 1204 1604 Nerone.
1298 1541 1491 1620 Saepe
1543 1545 1607 1602 in
1662 1545 1916 1604 nummis
1963 1555 2451 1604 commemoratur
2492 1543 2732 1623 legatus
2776 1564 2911 1624 pro-

666 1633 931 1705 vinciae,
988 1633 1340 1713 praesertim
1392 1634 1457 1691 in
1509 1632 2106 1717 Philippopolitanis,
2162 1633 2678 1707 Pautaliensibus,
2734 1633 2912 1693 Nico·

666 1722 948 1802 politanis
992 1721 1370 1785 Istrensibus.

844 1811 1099 1872 Restant
1173 1813 1528 1892 scriptorum
1599 1814 1956 1877 testimonia.
2081 1813 2166 1874 Ut
2234 1812 2543 1893 Periploas
2616 1814 2907 1887 omittam,

666 1901 980 1962 Thraciam
1004 1901 1289 1962 universe
1312 1901 1715 1983 depinxerunt
1741 1902 1975 1978 Strabo,
2009 1903 2189 1975 Mela,
2223 1901 2474 1976 Plinius,
2509 1901 2907 1982 Ptolemaeus,

666 1991 1017 2051 Ammianus
1064 1991 1463 2053 Marcellinus.
1547 1993 1662 2052 His
1707 1991 2017 2065 accedunt,
2068 1991 2229 2073 quod
2276 1991 2351 2051 ad
2399 1992 2643 2069 singula
2689 1990 2912 2072 oppida

667 2079 1016 2141 collocanda
1086 2089 1344 2160 spectat,
1423 2082 1743 2142 Itineraria
1811 2083 2102 2142 Antonini
2176 2092 2236 2142 et
2293 2081 2912 2159 Hierosolymitanum

666 2173 848 2250 (saec.
882 2168 1039 2253 1V.),
1087 2169 1330 2231 Tabula
1360 2171 1832 2250 Peutingeriana
1879 2169 1986 2255 (ex
2032 2171 2357 2251 archetypo
2395 2171 2522 2232 fere
2552 2190 2709 2231 saec.
2742 2170 2906 2248 IH.)‚

673 2259 1077 2339 Geographus
1122 2280 1454 2340 anonymus
1483 2262 1809 2323 Ravennae
1858 2260 2040 2345 (saec.
2075 2262 2214 2322 VH.
2265 2280 2343 2321 ex
2388 2260 2715 2341 archetypo
2747 2279 2903 2321 saec.

671 2345 839 2432 ῙῙῙ.),
887 2350 1184 2411 Hieroclis
1228 2349 1636 2430 Synecdemus
1682 2362 1741 2411 et
1783 2351 2016 2411 Notitia
2044 2351 2468 2431 Episcopatum
2516 2347 2698 2435 (saec.
2750 2349 2905 2426 VI.).

665 2440 942 2516 Procopii
986 2438 1140 2500 liber
1179 2440 1273 2501 De
1314 2439 1619 2502 Aedificiis
1663 2442 1804 2520 imp.
1838 2441 2172 2515 Iustiniani,
2222 2439 2597 2502 Constantini
2641 2438 2906 2517 Porphy-

663 2530 923 2607 rogeniti
968 2528 1266 2590 Themata
1314 2533 1489 2610 (saec.
1536 2529 1670 2613 X.).

843 2619 1153 2680 Strabonis
1198 2618 1520 2701 descriptio
1551 2620 1851 2681 Thraciae
1891 2639 1928 2679 a
1958 2620 2111 2680 libro
2143 2621 2282 2681 VH.
2317 2641 2377 2700 p.
2414 2621 2540 2680 318
2576 2617 2899 2697 exorditur,

659 2707 765 2769 ubi
827 2706 904 2768 de
964 2709 1249 2787 gentibus
1305 2707 1579 2770 Thraciis
1645 2709 1835 2771 verba
1888 2711 2063 2792 facit3
2123 2731 2226 2790 pp.
2288 2711 2412 2769 319
2473 2718 2535 2769 et
2590 2709 2720 2768 320
2776 2728 2907 2767 eam

660 2806 891 2877 partem
922 2798 1113 2859 litoris
1145 2798 1327 2859 Ponti
1358 2801 1584 2860 Euxini
1617 2798 1919 2876 describit,
1956 2819 2112 2880 quae
2144 2800 2223 2858 ab
2248 2800 2397 2858 ostio
2421 2799 2686 2858 Danuvii
2715 2816 2908 2877 usque

661 2886 737 2948 ad
799 2888 1162 2967 Byzantium
1219 2890 1498 2969 pertinet.
1604 2889 1776 2965 Quae
1834 2891 2033 2949 omnia
2087 2909 2121 2949 e
2175 2888 2441 2949 fontibus
2495 2907 2641 2948 suae
2696 2887 2908 2947 aetatis

666 2977 1019 3038 Strabonem
1054 2976 1494 3060 deprompsisse
1526 2979 1700 3040 docet
1728 2981 1950 3040 mentio
1975 2988 2213 3039 statuae
2238 2979 2662 3039 celeberrimae
2682 2976 2911 3057 Apolli·

658 3068 767 3142 nis,
803 3087 982 3148 quam
1008 3069 1089 3129 M.
1116 3068 1407 3130 Lucullus
1432 3070 1759 3150 Apollonia
1781 3069 2029 3130 Romam
2054 3069 2362 3129 transtulit
2391 3087 2548 3127 anno
2578 3068 2658 3129 72
2685 3087 2737 3126 a.
2768 3065 2905 3128 Chr.

664 3157 960 3237 Reliquae
989 3157 1288 3218 Thraciae
1336 3156 1655 3240 descriptio
1689 3180 1822 3219 cum
1852 3159 1972 3218 fine
2002 3159 2140 3218 libri
2171 3158 2309 3222 VH.
2344 3158 2525 3238 periit
2554 3164 2909 3236 tantumque

657 3246 916 3307 frustula
974 3248 1105 3307 eius
1163 3249 1486 3329 praecipue
1540 3251 1605 3308 in
1650 3250 1930 3328 Epitoma
1969 3248 2249 3308 Palatina
2294 3245 2478 3330 (saec.
2513 3243 2622 3331 X.)
2671 3254 2911 3306 servata

656 3344 798 3396 sunt
843 3335 1083 3418 (fragm.
1137 3339 1464 3398 36—5813
1513 3337 1605 3402 ed.
1653 3335 1982 3422 Meineke).

834 3425 1051 3486 Strabo
1120 3429 1491 3507 provinciam
1548 3429 1834 3488 Moesiam
1906 3449 2026 3488 non
2094 3429 2290 3500 novit,
2364 3445 2729 3507 quamquam
2796 3424 2907 3485 sub

656 3519 934 3594 Augusto
997 3517 1322 3576 constituta
1376 3527 1496 3597 est;
1561 3519 1796 3596 regioni
1856 3527 2053 3577 tamen
2111 3518 2199 3576 illi
2262 3518 2424 3575 cavit
2477 3537 2554 3576 ne
2610 3514 2908 3574 Thraciae

657 3624 879 3664 nomen
928 3604 1114 3679 daret,
1163 3603 1224 3665 id
1259 3604 1420 3687 quod
1453 3615 1588 3687 post
1622 3627 1757 3667 eum
1789 3607 1950 3667 Mela
1992 3616 2051 3667 et
2080 3606 2312 3666 Plinius
2344 3606 2633 3666 fecerunt.
2696 3604 2906 3664 Finem

657 3693 1048 3755 Macedoniae
1092 3696 1444 3755 orientalem
1490 3696 1707 3757 Strabo
1754 3695 1828 3756 ad
1869 3696 2122 3757 Nestum
2167 3696 2388 3756 flumen
2434 3696 2604 3776 ponit
2650 3693 2739 3773 (fr.
2776 3692 2905 3775 35).

833 3784 992 3844 Mela
1026 3786 1090 3862 (2
1100 3782 1190 3869 ,2)
1217 3785 1539 3846 Thraciam
1565 3807 1600 3845 a
1627 3788 2034 3866 septentrione
2057 3786 2263 3846 Histro
2287 3785 2549 3866 flumine,
2578 3783 2654 3843 ab
2682 3784 2909 3843 orIente

840 4012 880 4083 ¹)
919 4011 1157 4081 Abdera,
1206 4014 1412 4083 Aenus,
1461 4013 1780 4082 Anchialus,
1831 4014 2140 4084 Apollonia,
2178 4012 2371 4084 Bizya,
2409 4011 2761 4083 Byzantium,
2798 4009 2908 4068 De·

654 4083 851 4148 ultum,
869 4084 1314 4155 Hadrianopolis,
1331 4086 1612 4154 Maronea,
1633 4086 1912 4155 Nicopolis
1934 4087 2005 4141 ad
2022 4088 2244 4154 Istrum,
2267 4085 2549 4154 Nicopolis
2572 4084 2643 4141 ad
2656 4083 2906 4150 Nestum,

654 4154 931 4223 Pautalia,
965 4156 1286 4225 Perinthus,
1326 4157 1749 4227 Philippopolis,
1789 4158 2173 4228 Plotinopolis‚
2213 4156 2454 4223 Serdica,
2491 4156 2745 4226 Topirus,
2771 4154 2907 4211 Tra-

656 4226 949 4297 ianopolis,
976 4229 1062 4282 Au
1144 4233 1236 4283 sta
1270 4229 1526 4285 Traiana.
1587 4229 1672 4285 Cf.
1699 4228 1929 4298 Eckhel,
1956 4230 2148 4285 Doctr.
2174 4245 2374 4284 numm.
2400 4233 2514 4285 vet.
2539 4228 2625 4297 113
2665 4229 2911 4283 Mionnet

656 4299 682 4352 I
721 4304 781 4353 et
818 4298 992 4368 suppl.
1032 4299 1059 4352 I
1109 4316 1122 4368 3
1160 4300 1554 4367 Postolakkas,
1593 4298 1914 4369 Κατάλογος
1951 4302 2048 4351 τοῦ
2086 4300 2371 4367 Ἀθήνησιν
2408 4300 2632 4352 ἐθνικοῦ
2672 4317 2868 4366 νομισμ
2896 4318 2908 4330 ·

656 4374 903 4437 μουσείου
942 4371 1158 4441 (1882);
1196 4372 1385 4441 Poole,
1425 4373 1735 4442 Catalogue
1775 4374 1837 4428 of
1871 4372 2022 4428 coins
2058 4372 2198 4428 Brit.
2237 4374 2378 4428 Mus.
2411 4372 2697 4442 (Thrace);
2735 4374 2800 4426 A.
2842 4370 2907 4425 de

657 4440 851 4511 Sallet,
879 4441 1058 4498 Catal.
1087 4458 1224 4497 mus.
1255 4443 1526 4512 Berolin.;
1566 4444 1945 4513 Friedlander,
1970 4443 2260 4513 Repertor.
2289 4444 2339 4500 d.
2368 4450 2480 4499 ant.
2509 4441 2906 4510 Numismatik3

655 4511 832 4582 Head,
871 4513 1017 4570 Hist.
1056 4529 1289 4584 numm.;
1336 4516 1630 4585 Froehner,
1671 4514 1975 4572 Collection
2013 4514 2526 4572 Photiades·Pacha
2564 4515 2765 4587 (1890).
