3200 5217
1548 544 1992 615 ,ιω-ς.

652 720 892 794 saeculo
938 721 1050 796 111.
1100 750 1160 812 p.
1212 728 1349 794 Chr.
1398 732 1772 812 reipublicae
1830 740 2053 792 statum
2112 750 2399 811 graecum
2444 727 2712 791 floruisse
2757 747 2891 790 con·

650 832 770 883 stat
784 823 847 899 ¹),
898 842 1031 883 cum
1078 820 1154 882 de
1195 822 1628 903 Marcianopoli
1673 821 1823 882 nihil
1869 822 1997 882 eius
2038 821 2279 899 generis
2324 818 2616 882 tradatur.
2706 818 2895 880 Num-

650 931 879 972 morum
927 931 1071 971 sane
1121 912 1540 991 inscriptiones
1604 910 1818 972 docent
1879 912 2183 971 civitatem
2228 930 2446 990 graeco
2494 929 2767 971 sermone
2809 908 2895 968 lo-

653 1010 851 1063 cutam
897 1021 1058 1076 esse3
1106 999 1210 1060 sed
1257 1010 1531 1081 repertus
1577 1011 1668 1062 est
1712 999 1932 1061 ibidem
1967 997 2058 1083 (in
2088 1003 2222 1061 vico
2268 1000 2406 1060 hod.
2440 999 2678 1067 Devna
2708 996 2894 1081 dicto)

653 1091 884 1167 titulus,
936 1092 1041 1171 qui
1072 1091 1479 1158 decwrionem
1518 1098 1941 1151 commemorat
1972 1087 2183 1174 (AEM
2221 1091 2322 1164 10,
2371 1111 2429 1170 p.
2469 1087 2641 1172 192),
2687 1089 2898 1168 itaque

655 1179 891 1241 videtur
920 1180 1380 1257 Marcianopolis
1411 1200 1538 1241 rem
1566 1180 1874 1261 publicam
1901 1180 2073 1240 latini
2103 1188 2293 1240 status
2323 1179 2625 1241 habuisse.
2678 1176 2900 1257 Neque

652 1270 737 1330 ibi
799 1271 1062 1347 vestigia
1120 1269 1246 1330 ulla
1308 1270 1700 1331 inveniuntur
1759 1288 2059 1331 sacrorum
2120 1288 2492 1350 graecorum,
2555 1267 2894 1350 phylarum,

653 1358 927 1420 ludorum
979 1357 1073 1441 (ut
1117 1360 1181 1419 in
1227 1358 1478 1421 urbibus
1524 1359 1870 1439 Thraciae),
1928 1360 2183 1421 aliarum
2228 1359 2687 1433 institutionum,
2738 1376 2899 1439 quae

654 1458 877 1510 statum
924 1469 1279 1526 graecarum
1327 1451 1637 1510 civitatum
1682 1448 1967 1511 indicant.

833 1538 946 1600 ΙΙΙ.
995 1539 1072 1600 In
1129 1541 1386 1599 nummis
1431 1539 1588 1618 Istri,
1653 1539 1998 1614 Tomorum,
2062 1537 2392 1613 Callatidis,
2455 1537 2896 1618 Dionysopolis,

654 1626 888 1699 Odessi‚
937 1628 1350 1703 Mesembriae,
1384 1648 1716 1710 numquam
1748 1638 2279 1691 commemorantur
2309 1627 2613 1710 praesides
2644 1627 2899 1688 Romani

655 1719 1030 1800 provinciae3
1093 1718 1157 1777 in
1201 1720 1457 1779 nummis
1518 1739 1663 1780 vero
1709 1719 2169 1799 Marcianopolis
2212 1739 2348 1780 raro
2395 1719 2637 1779 omittur
2680 1735 2901 1778 nomen

654 1805 969 1887 praesidis.
1064 1806 1239 1882 Quod
1302 1808 1446 1867 mihi
1510 1810 1846 1870 testimonio
1909 1829 2041 1871 esse
2101 1807 2369 1884 videtur,
2434 1815 2655 1868 statum
2717 1806 2900 1867 huius

655 1897 824 1958 urbis
869 1917 907 1956 a
954 1905 1117 1958 statu
1162 1898 1471 1958 civitatum
1518 1898 1905 1980 Hexapoleos
1951 1899 2137 1976 longe
2182 1898 2487 1960 diversum
2530 1897 2732 1959 fuisse.

837 1986 1010 2061 Quae
1043 2007 1176 2047 cum
1208 1989 1293 2047 ita
1322 1988 1460 2062 sint,
1510 1987 1895 2050 statuendum
1927 1997 2019 2049 est
2047 1988 2287 2067 Istrum,
2337 1989 2578 2059 Tomos,
2622 1985 2901 2048 Callatim

655 2075 1131 2157 Dionysopolim,
1195 2075 1507 2152 Odessum,
1570 2078 1992 2139 Mesembriam
2054 2078 2234 2141 urbes
2290 2078 2676 2158 Hexapoleos
2721 2075 2901 2136 Ponti

656 2167 845 2227 Laevi
887 2167 1092 2229 fuisse.
1755 2235 1760 2240 ,
2287 2167 2292 2172 ’

833 2255 1051 2336 Neque
1080 2255 1343 2337 denique
1381 2259 1682 2338 persuasit
1710 2258 1856 2318 mihi
1889 2258 2313 2330 Mommsenus,
2362 2266 2485 2318 tam
2514 2255 2897 2336 Pentapolim

657 2365 843 2426 quam
902 2346 1264 2423 Hexapolim
1324 2348 1483 2407 intra
1540 2348 1691 2408 fines
1751 2349 2100 2429 provinciae
2159 2346 2508 2408 statuendas
2569 2366 2719 2409 esse.
2835 2344 2902 2405 Si

658 2436 817 2496 enim
862 2435 1228 2516 Pentapolis,
1290 2437 1543 2498 societas
1597 2438 1910 2499 civitatum
1972 2438 2520 2518 antiquissimarum
2566 2436 2900 2497 commercii

663 2524 983 2605 cultusque
1012 2524 1258 2587 deorum
1290 2529 1693 2588 communium
1725 2547 1907 2588 causa
1938 2529 2284 2601 constituta,
2318 2528 2438 2587 iam
2471 2535 2611 2587 ante
2643 2534 2901 2586 aetatem

657 2615 1059 2676 Romanorum
1093 2617 1344 2691 exstitit,
1377 2624 1447 2677 ut
1468 2637 1653 2698 supra
1676 2618 2052 2695 coniecimus,
2086 2618 2193 2678 vix
2224 2625 2366 2678 ante
2394 2618 2540 2697 imp.
2589 2614 2899 2677 Tiberium

661 2725 700 2764 a
744 2705 1028 2765 Romanis
1090 2713 1323 2766 mutata
1383 2726 1516 2767 esse
1575 2715 1793 2787 potest,
1856 2727 1992 2769 cum
2054 2708 2235 2774 etiam
2295 2727 2453 2767 anno
2519 2708 2598 2767 12
2649 2727 2709 2787 p.
2759 2704 2900 2767 Chr.

666 2795 979 2875 provincia
1010 2795 1235 2855 Moesia
1266 2794 1529 2856 nondum
1570 2794 1650 2855 ad
1680 2797 1823 2857 litus
1852 2797 2030 2857 Ponti
2060 2798 2287 2858 Euxini
2316 2797 2678 2878 pertinuisse
2706 2793 2904 2855 videa-

662 2895 759 2944 tur
805 2883 1294 2966 (Domaszewski,
1342 2885 1517 2947 Neue
1546 2884 1828 2948 Heidelb.
1876 2886 2137 2949 Jahrbb.
2189 2889 2355 2949 1891
2408 2908 2468 2968 Ρ.
2507 2890 2541 2946 1
2584 2884 2725 2967 sq.),
2774 2904 2906 2965 pro-

658 2974 859 3033 vincia
902 2982 1104 3034 autem
1150 2974 1415 3035 Thracia
1460 2995 1516 3035 a.
1562 2977 1644 3035 46
1696 2973 1934 3038 demum
1981 2977 2308 3037 constituta
2353 2977 2448 3040 sit.
2540 2974 2717 3051 Quod
2759 2994 2904 3036 vero

660 3061 738 3122 ad
766 3063 1134 3143 Hexapolim
1178 3065 1414 3144 attinet,
1465 3085 1588 3126 non
1633 3065 2227 3141 praetermittendum
2274 3075 2384 3140 est,
2431 3065 2568 3126 illas
2613 3086 2722 3127 sex
2753 3084 2904 3144 quas

663 3150 838 3212 modo
885 3155 1235 3214 enumeravi
1269 3154 1450 3214 urbes
1481 3163 1727 3215 cunctas
1758 3157 2025 3217 Moesiae
2055 3156 2353 3217 inferioris
2383 3156 2566 3217 fuisse
2597 3154 2698 3235 (cf.
2724 3174 2906 3235 supra

661 3262 722 3321 p.
776 3238 864 3326 7).
958 3243 1147 3322 Atqui
1202 3244 1314 3303 etsi
1377 3263 1501 3304 non
1563 3253 1780 3318 essent,
1829 3253 2128 3326 poterant,
2189 3255 2260 3307 ut
2305 3246 2534 3326 opinor,
2596 3246 2659 3304 in
2704 3245 2905 3304 Hexa-

662 3330 846 3411 polim
893 3333 1102 3411 accipi,
1151 3333 1306 3393 sicut
1350 3334 1530 3393 etiam
1575 3335 1641 3393 in
1686 3334 1791 3395 illa
1836 3337 2123 3396 societate
2169 3336 2505 3396 monetaria
2549 3354 2666 3395 non
2716 3334 2904 3395 solum

662 3421 931 3482 Moesiae
974 3419 1080 3482 sed
1128 3423 1310 3481 etiam
1341 3421 1677 3484 Sarmatiae
1724 3434 1786 3484 et
1815 3425 2114 3487 Thraciae
2145 3425 2326 3485 urbes
2374 3432 2573 3500 erant3
2620 3425 2720 3484 vel
2752 3424 2907 3483 sicut

663 3509 988 3570 Perinthus
1036 3505 1346 3584 ὁμόνοιαν
1406 3532 1542 3573 cum
1588 3513 1845 3592 Smyrna
1904 3523 2091 3594 atque
2136 3535 2271 3575 cum
2314 3515 2578 3595 Epheso,
2642 3521 2749 3573 aut
2789 3512 2905 3592 By-

664 3599 930 3659 zantium
976 3619 1112 3660 cum
1143 3601 1374 3661 Nicaea
1404 3610 1464 3663 et
1492 3603 1682 3683 Bizya
1713 3603 1928 3665 habuit
1942 3601 1996 3688 2)
2028 3614 2135 3666 aut
2163 3603 2441 3684 Ephesus
2473 3623 2607 3664 cum
2638 3602 2904 3664 Alexan&

664 3687 808 3748 drae
847 3685 1066 3751 κοινόν
1096 3691 1375 3754 instituit.
1386 3687 1437 3774 3)
1473 3728 1556 3737 —
1588 3691 1842 3753 Accedit
1873 3692 2156 3774 denique,
2206 3691 2366 3774 quod
2412 3713 2525 3754 nec
2554 3691 2905 3772 Pentapolis

663 3798 863 3859 neque
908 3778 1240 3860 Hexapolis
1282 3779 1459 3841 Ponti
1493 3781 1684 3842 Laevi
1728 3779 1949 3845 κοινόν
1995 3784 2094 3844 vel
2142 3789 2493 3851 conventus
2527 3781 2906 3869 provinciae

662 3867 850 3928 fuisse
895 3867 1153 3931 videtur.
1228 3869 1389 3931 Nam
1433 3873 1726 3938 sacerdos
1761 3873 2143 3957 provinciae
2172 3874 2445 3934 Troesmi
2490 3873 2607 3932 fuit
2652 3869 2812 3955 (CIL
2843 3871 2903 3945 3,

670 3957 863 4030 6170,
915 3955 1146 4043 7506);
1192 3960 1243 4019 si
1288 3980 1432 4020 vero
1480 3960 1825 4038 Pentapolis
1870 3961 1965 4022 vel
2013 3963 2349 4045 Hexapolis
2397 3969 2730 4023 conventus
2775 3980 2905 4037 pro·

663 4047 899 4107 vinciae
957 4048 1188 4123 fuisset,
1253 4049 1561 4130 appellata
1622 4060 1784 4111 esset
1844 4046 1918 4112 τὸ
1981 4049 2201 4115 κοινὸν
2262 4052 2394 4113 τῶν
2439 4057 2681 4114 Μυσῶν
2727 4050 2907 4132 (sicut

664 4130 738 4197 τὸ
797 4132 1018 4198 κοινόν
1078 4143 1208 4200 τῶν
1253 4138 1568 4224 Θρᾳκῶν),
1633 4140 1909 4202 sacerdos
1972 4151 2174 4203 autem
2238 4144 2366 4203 eius
2411 4139 2776 4221 Μυσιάρχης
2822 4137 2907 4223 (in

849 4365 891 4467 ζ)
930 4364 1073 4491 &aa
1112 4365 1235 4422 cm
1274 4371 1432 4495 2023,
1458 4371 1611 4495 2⁰35
1638 4392 1709 4417 =
1729 4370 1991 4497 pumonp,
2028 4387 2083 4441 p.
2122 4371 2244 4426 560.

855 4439 896 4580 δὲ
934 4452 1374 4581 Εόιςῖἓῖῗῗὲἓθι
1391 4447 1733 4566 {fflzsloiin
1752 4448 2119 4571 ἔαῖῗὲἳρΝ.
2145 4515 2317 4568 KAI.
2338 4508 2911 4568 ΑΛΕΞΑΝΔΡΕΩΜ
