3200 5217
1242 535 1688 596 -53-

431 708 544 778 16·
595 706 890 795 Appius
940 707 1304 781 Claudius
1352 710 1756 782 Martinus.
1860 715 1986 778 Sub
2034 718 2237 778 Marco
2298 729 2357 778 et
2402 719 2587 780 Vero.

520 819 810 894 Mionnet‚
844 819 1056 901 Suppl.
1094 822 1155 891 2,
1193 822 1341 896 217,
1379 822 1496 899 69;
1535 825 1686 901 484,
1728 824 1913 885 1656.
1993 824 2245 899 Arneth,
2280 824 2587 906 Sitzungs-

344 908 579 969 bericht
623 907 681 976 d,
716 908 916 971 Wien.
966 909 1165 970 Akad.
1220 912 1389 973 1853
1436 933 1496 992 p.
1556 913 1704 974 910.

521 998 615 1058 De
661 1001 1050 1078 praenomine
1094 1000 1286 1061 Marci
1335 998 1692 1084 (Liebenam
1736 1022 1794 1082 p.
1843 999 2004 1083 392)
2061 1021 2273 1083 parum
2335 1013 2586 1079 constat,

343 1095 414 1147 ut
457 1108 641 1168 supra
687 1090 957 1170 exposui.
1026 1089 1357 1150 Liebenam
1388 1090 1731 1151 Martialem
1776 1091 2063 1171 appellat,
2113 1113 2244 1153 cum
2292 1095 2356 1154 in
2400 1096 2588 1175 primo

342 1197 585 1237 nummo
631 1197 710 1238 ex
763 1178 856 1259 iis,
922 1198 1069 1260 quos
1115 1199 1149 1239 e
1196 1179 1522 1240 Mionnetio
1567 1200 1756 1261 supra
1802 1181 1998 1256 attuli,
2062 1181 2340 1244 videatur
2387 1186 2586 1245 ΜΑΡ-

353 1270 670 1329 ΤΙΑΔΟῨ
702 1268 846 1346 legi.
938 1268 1011 1328 In
1059 1269 1249 1329 altero
1295 1289 1437 1330 vero
1500 1270 1656 1331 sicut
1700 1270 1766 1329 in
1812 1271 2088 1351 exemplo
2138 1272 2394 1333 Arnethi
2439 1273 2587 1351 legi·

343 1365 443 1417 tur
488 1359 981 1420 ΜΑΡΤΙΛΛΟΝ.
1076 1357 1327 1419 Accedit
1374 1358 1538 1439 quod
1584 1378 1920 1438 cognomen
1963 1360 2258 1422 Martialis
2302 1365 2587 1441 genetivo

344 1466 490 1507 casu
550 1467 672 1507 non
730 1443 1098 1525 Μαρτιὰλου
1159 1446 1263 1508 sed
1326 1459 1434 1509 aut
1491 1451 1735 1530 proprie
1797 1447 2134 1527 Μαρτιάλι,
2199 1450 2590 1530 Μαρτιάλεος

343 1544 450 1596 aut
493 1535 666 1596 solito
710 1538 776 1597 in
820 1536 1307 1618 inscriptionibus
1356 1540 1588 1615 graecis
1645 1558 1847 1600 errore
1891 1544 2281 1621 Μαρτιαλίου
2327 1541 2585 1602 scriben-

343 1623 486 1686 dum
531 1634 691 1703 erat3
741 1646 930 1707 quare
975 1626 1158 1687 malui
1204 1647 1538 1706 cognomen
1586 1627 1903 1694 Martillus.

432 1818 537 1889 17.
589 1818 674 1903 Q.
724 1817 1019 1892 Tullius
1067 1820 1457 1892 Maximus.
1549 1826 1717 1887 Inter
1764 1846 1819 1886 a.
1867 1827 1994 1887 fere
2049 1828 2170 1888 168
2219 1836 2281 1888 et
2334 1830 2475 1893 172.

520 1929 811 2004 Mionnet,
877 1931 1089 2013 Suppl.
1141 1936 1201 2013 2,
1263 1954 1324 2013 p.
1376 1933 1523 2016 304,
1573 1955 1629 1992 n.
1680 1934 1837 2009 62ος
1885 1955 1947 2015 p.
1997 1934 2125 1996 368
2173 1928 2247 1998 ιι.
2286 1936 2410 1996 979
2460 1956 2584 2016 sq.;

340 2041 399 2099 p.
435 2021 585 2093 372,
633 2040 695 2080 n.
734 2021 923 2096 1005,
980 2021 1178 2097 10063
1227 2043 1288 2103 p.
1325 2024 1473 2096 506,
1522 2044 1578 2086 n.
1621 2024 1788 2085 1777
1826 2044 1916 2103 sq.
1994 2023 2177 2084 Poole
2222 2046 2278 2104 p.
2322 2027 2438 2086 141
2492 2046 2583 2106 sq.

340 2109 502 2173 Berl.
552 2107 744 2171 Catal.
800 2108 946 2182 198,
997 2113 1145 2184 238,
1197 2114 1344 2173 239.

522 2197 613 2260 Cf.
661 2199 955 2278 Borghesi
1004 2202 1065 2274 3,
1116 2202 1263 2262 276.
1356 2191 1528 2275 Pick‚
1576 2200 1814 2262 Inedita
1859 2224 1921 2283 p.
1974 2203 2077 2276 63,
2129 2201 2268 2263 adn.
2321 2206 2425 2265 78.

265 2320 275 2331 ·
519 2286 705 2349 Haud
765 2298 928 2350 recte
973 2289 1242 2351 Marcum
1303 2290 1767 2371 appellaverunt
1812 2291 2140 2353 Liebenam
2187 2290 2271 2374 (p.
2323 2290 2480 2378 392)
2529 2303 2588 2352 et

343 2377 627 2439 Salletius
673 2379 857 2456 (Berl.
908 2375 1147 2462 Catal.).
1238 2378 1327 2441 Cf.
1377 2380 1530 2441 Pick
1576 2381 1616 2444 l.
1667 2401 1717 2443 c.

523 2467 643 2528 Hic
689 2469 927 2547 legatus
973 2470 1314 2530 nominatur
1359 2479 1483 2530 tam
1529 2471 1592 2530 in
1623 2472 1879 2530 nummis
1909 2471 2098 2531 Marci
2129 2478 2193 2531 et
2222 2471 2369 2531 Veri
2402 2491 2584 2551 quam

340 2558 407 2617 in
453 2577 695 2618 nummo
741 2556 1048 2619 Commodi
1097 2557 1348 2643 (Sestini
1395 2580 1491 2640 ap.
1540 2559 1766 2638 Borgh.
1814 2560 1854 2621 l.
1889 2555 1990 2642 c.).
2082 2560 2301 2641 Itaque
2347 2561 2587 2622 videtur

341 2668 453 2728 per
496 2645 648 2708 illud
694 2649 979 2730 temporis
1024 2650 1285 2729 spatium
1331 2648 1628 2709 Thraciae
1674 2648 2022 2730 praefuisse,
2086 2649 2246 2730 quod
2293 2658 2385 2711 est
2429 2653 2586 2712 inter

343 2739 411 2797 L.
461 2736 610 2797 Veri
672 2745 1034 2818 postremum
1097 2739 1259 2798 vitae
1306 2758 1548 2814 annum,
1614 2749 1679 2799 et
1723 2759 1774 2803 a.
1829 2741 1946 2801 171
1967 2785 1982 2814 ,
2046 2759 2167 2819 quo
2230 2739 2585 2801 Commodus

340 2825 541 2886 factus
586 2838 681 2887 est
725 2826 968 2888 Caesar.

430 3000 540 3072 18.
594 3001 672 3074 C.
722 3000 1169 3074 Pantuleius
1217 3002 1696 3092 Graptiacus.
1790 3007 1967 3068 Anno
2020 3010 2166 3071 172.

522 3112 654 3174 CIL
702 3113 762 3187 3,
812 3115 981 3174 6121
1021 3142 1104 3165 ==
1142 3115 1311 3176 7409
1347 3143 1431 3167 .-.--.
1465 3115 1729 3175 Dumont
1759 3136 1818 3175 n.
1858 3117 1959 3179 52.
2055 3113 2186 3174 CIL
2241 3118 2339 3197 10,
2391 3118 2581 3178 6265.

344 3201 478 3262 CIL
532 3204 630 3277 14,
682 3204 831 3264 246.

522 3289 608 3352 Cf.
657 3291 985 3353 Liebenam
1031 3313 1089 3373 p.
1143 3296 1290 3354 392.
1385 3293 1664 3353 Homolle
1708 3315 1769 3373 p.
1821 3294 1969 3357 525.

433 3466 540 3536 19.
594 3466 709 3553 [Μ.
727 3466 786 3554 9]
839 3466 1308 3554 Caecissiusi']
1358 3466 1857 3539 Servilianus.
1951 3471 2079 3532 Sub
2126 3471 2468 3537 Commodo.

520 3578 809 3655 Mionuet‚
845 3578 1058 3659 Suppl.
1096 3581 1155 3658 2,
1190 3601 1249 3659 p.
1291 3580 1434 3655 117,
1469 3600 1525 3639 ιι.
1565 3581 1714 3653 359,
1750 3580 1908 3660 361;
1941 3600 1999 3659 p.
2034 3581 2160 3641 456
2194 3601 2250 3639 11.
2294 3581 2458 3640 1495
2491 3601 2579 3660 sq.

340 3667 528 3727 Poole
571 3688 631 3747 p.
671 3669 793 3729 163
841 3689 897 3732 n.
937 3673 1038 3729 18.
1130 3668 1289 3736 Berl.
1324 3668 1510 3730 Catal.
1556 3690 1660 3749 pp.
1701 3669 1846 3750 199,
1898 3670 2044 3733 224.
2138 3669 2391 3745 Arneth,
2439 3670 2480 3730 l.
2529 3691 2580 3731 c.
2647 3697 2650 3706 ·

341 3778 399 3838 p.
450 3758 576 3817 897
628 3777 868 3838 sq.:...
898 3761 1120 3819 ΚΑΙΝ.
1217 3762 1564 3819 Σ...ΕΙΛ.

524 3845 614 3908 Cf.
663 3846 832 3911 Pick.
879 3846 1115 3908 Inedita
1161 3868 1221 3928 p.
1274 3849 1374 3910 51.

527 3934 769 3997 Gentile
814 3935 976 4017 quod
1020 3935 1279 3997 traditur
1325 3941 1572 3999 KAIKI
1609 3946 1811 3997 utrum
1857 3935 2153 3997 Caecilius
2199 3955 2279 3997 an
2326 3936 2583 3998 Caecina

345 4023 672 4104 legendum
719 4026 813 4101 sit,
879 4046 1090 4108 parum
1138 4035 1396 4102 constat3
1459 4046 1659 4107 neque
1704 4028 1862 4086 enim
1926 4034 2091 4086 certa
2150 4046 2285 4087 esse
2344 4025 2582 4087 videtur

343 4114 600 4175 Amethi
662 4114 854 4177 lectio.
963 4116 1056 4176 De
1110 4113 1300 4176 Sallet
1361 4115 1543 4194 (Berl.
1608 4115 1782 4177 Catal
1841 4116 1881 4175 l.
1948 4111 2029 4197 c.)
2094 4114 2254 4175 hunc
2313 4115 2579 4195 legatum

347 4205 585 4266 miscuit
654 4225 788 4265 cum
855 4206 1194 4286 insequenti
1257 4207 1546 4267 Materno.
1667 4206 1822 4265 Item
1881 4205 2212 4265 Liebenam
2273 4208 2355 4285 (p.
2423 4202 2580 4289 392)

343 4313 619 4355 nummos
678 4297 933 4357 ΚΑΙΝΑ
945 4299 1252 4357 TEINOV
1305 4296 1624 4375 inscriptos
1681 4295 2014 4356 Serviliano
2087 4314 2287 4355 errore
2347 4295 2575 4358 tribuit.

344 4383 436 4446 Cf.
487 4382 766 4445 Homolle
813 4406 870 4464 p.
922 4387 1066 4449 525.

528 4473 726 4537 Etiam
778 4474 1178 4539 Servilianum
1235 4474 1560 4537 Liebenam
1610 4474 1694 4559 (p.
1747 4470 1903 4561 283)
1958 4474 2217 4539 Moesiae
2272 4474 2581 4539 Inferioris
