3200 5217
1179 498 1615 557 ..69-

262 672 519 734 modum
571 672 1001 752 Βιθυνιάρχου
1062 686 1168 737 aut
1222 671 1570 755 Ἀσιάρχου)
1634 676 1828 738 dictus
1889 690 2068 740 esset.
2161 679 2395 741 Tamen
2457 688 2518 741 et

260 763 612 843 Hexapolis
667 758 744 823 τὸ
799 761 1020 825 κοινόν
1076 772 1185 843 τῆς
1228 761 1633 841 ιΕξιπωτ(’)λ.ε(ῡς
1693 769 1808 828 τοῦ
1870 763 2202 842 εὐωνύμου
2259 766 2517 831 Πόντου

266 862 345 911 et
389 852 668 914 sacerdos
717 852 1088 933 Ποντάρχης
1133 855 1490 936 appellatur,
1554 858 1638 916 ita
1699 866 1771 918 ut
1830 867 2120 939 appareat
2171 860 2515 920 societatem

265 942 443 1003 illam
493 941 570 1003 ad
616 944 988 1023 provinciam
1033 964 1157 1004 non
1201 953 1488 1025 spectare.

461 1032 835 1093 Pontarchae
880 1033 1052 1094 nobis
1098 1033 1298 1094 traditi
1344 1044 1511 1096 suntz
1561 1035 1688 1096 Sub
1733 1034 2076 1097 Hadriano:

369 1152 428 1224 1.
478 1153 893 1227 Phaedrus.

373 1278 444 1351 2.
495 1279 576 1349 T.
624 1278 941 1350 Flavius
988 1279 1466 1355 Posidonius,
1555 1286 1771 1347 Pon-ot
1815 1287 1992 1350 Msm.
2039 1309 2101 1368 p.
2152 1290 2300 1351 447.

459 1425 586 1486 Sub
621 1470 891 1490 .......
924 1426 1227 1486 Antonino
1262 1473 1631 1493 .........

374 1530 441 1602 3.
494 1529 873 1602 Valerius.
962 1533 1143 1594 ΔΕΜ
1194 1536 1253 1611 6,
1303 1538 1365 1619 8,
1422 1538 1519 1597 13.

464 1678 699 1737 Aetatis
746 1678 1037 1738 incertae:

375 1781 452 1852 4.
499 1779 913 1851 Achilleus.

461 1893 712 1953 Hermes
745 1895 806 1964 3,
840 1893 991 1968 440,
1037 1914 1140 1953 nn.
1180 1901 1235 1967 1,
1285 1907 1347 1953 et
1389 1896 1443 1954 2.
1523 1892 1610 1955 Cf.
1652 1893 2021 1975 Miillenhoff‚
2070 1894 2431 1960 Monatsber.
2464 1895 2518 1960 d.

281 1982 445 2044 Berl.
491 1980 693 2057 Akad.
747 1982 939 2057 1866,
985 2004 1044 2066 p.
1093 1984 1242 2045 568.

378 2121 446 2190 5.
495 2120 835 2192 Priseius
883 2120 1302 2192 Annianus.

461 2231 941 2309 Koumanoudis,
990 2231 1267 2295 Pandora
1303 2236 1493 2297 1868.
1585 2234 1815 2311 Perrot‚
1866 2234 2043 2299 Mem.
2090 2255 2154 2317 p.
2194 2237 2338 2298 199.
2431 2234 2518 2299 Cf.

278 2323 455 2383 ΛΕΜ
504 2323 563 2397 6,
611 2344 672 2403 p.
725 2324 828 2400 25,
877 2344 940 2383 n.
992 2325 1095 2387 50.

374 2462 445 2532 6.
495 2460 1087 2552 Dionysodorus.
1179 2467 1354 2527 ΔΕΜ
1403 2470 1462 2543 6,
1515 2470 1619 2543 29,
1670 2468 1773 2535 58.

376 2605 434 2676 7.
480 2604 937 2676 Herosodos.
1033 2609 1171 2672 CIG
1220 2612 1389 2673 2056
1404 2632 1453 2674 e.

379 2748 446 2818 8.
494 2746 575 2817 Τ.
626 2747 1008 2821 Cominius
1055 2748 1515 2822 Claudianus
1561 2749 2114 2841 Hermaphilus.

463 2861 638 2921 ΛΕΜ
687 2862 747 2935 6,
798 2862 901 2936 22,
951 2863 1065 2939 44;
1121 2865 1221 2936 11,
1273 2863 1377 2938 44,
1428 2863 1534 2924 56.

374 3002 439 3070 9.
486 2999 849 3071 Aurelius
896 3001 1205 3072 Priscus
1226 2999 1618 3094 isidorus.

465 3109 940 3187 Koumanoudis,
986 3113 1027 3174 l.
1077 3132 1127 3174 c.
1220 3113 1450 3177 Perrot.
1500 3113 1541 3176 l.
1591 3133 1644 3175 c.

463 3380 811 3462 Sequuntur
869 3382 1206 3442 testimonia
1268 3381 1346 3442 ad
1407 3381 1682 3461 singulas
1742 3379 2075 3461 Hexapolis
2120 3381 2325 3454 'urbes
2386 3400 2520 3464 per-

283 3471 537 3531 tinentia
553 3468 635 3554 1):

1134 3591 1344 3661 Tomi
1391 3592 1665 3676 (Τόμις).

459 3703 732 3763 Nummi:
783 3722 821 3761 a
850 3701 1096 3763 Tiberio
1131 3723 1327 3784 usque
1360 3701 1438 3761 ad
1472 3701 1804 3781 Philippos.
1882 3700 1969 3761 Of.
2016 3702 2195 3761 etiam
2227 3699 2523 3772 Gardner,

288 3793 470 3854 Num.
536 3791 852 3853 Chronicle
919 3793 1118 3867 1876,
1182 3813 1241 3872 p.
1310 3793 1466 3867 3073
1532 3790 1860 3872 Svoronos,
1940 3786 2156 3867 Ἐφημ.
2215 3784 2521 3868 Ἀρχαιολ.

290 3884 459 3944 1889
494 3904 553 3963 p.
594 3884 696 3942 95.
762 3880 1016 3956 Becker,
1049 3881 1268 3944 Jahn’s
1300 3880 1550 3943 Jahrbb.
1617 3880 1828 3961 Suppl.
1871 3881 1946 3939 19
1983 3876 2236 3963 (1853),
2285 3901 2344 3959 p.
2376 3880 2524 3940 360.

474 4093 521 4163 ¹)
560 4091 775 4148 Nummi
800 4092 1121 4163 singularun
1142 4092 1357 4149 urbium
1379 4092 1678 4162 quaerendi
1697 4095 1830 4148 sunt
1849 4090 1992 4162 apud
2012 4088 2239 4154 Eckhel‚
2266 4088 2530 4156 Mionnet,

288 4164 472 4232 Poole,
510 4163 924 4231 Postolakkam,
967 4165 1108 4220 Berl.
1149 4162 1327 4220 Gatal.
1400 4164 1545 4221 Item
1592 4163 1739 4235 apud
1777 4162 1993 4219 Arneth
2008 4204 2022 4230 ,
2061 4158 2437 4230 Sitzungsber.
2476 4158 2525 4213 d.

295 4236 524 4293 Wiener
550 4235 854 4291 Akademie
893 4237 1048 4292 1863.
1125 4234 1331 4301 Quibus
1359 4235 1596 4292 addendi
1632 4240 1762 4292 sunt
1788 4234 1882 4303 qui
1914 4232 2015 4290 sub
2039 4231 2276 4303 singulis
2301 4229 2528 4286 urbibus

283 4313 576 4377 praeterea
612 4306 999 4365 laudabuntur.

464 4378 804 4449 Scriptorum
841 4378 1163 4435 testimonia
1198 4379 1448 4436 invenies
1476 4379 1622 4449 apud
1649 4378 2010 4433 Tzschuckke
2042 4375 2112 4431 ad
2137 4374 2341 4430 Melam
2384 4377 2431 4440 ⁶2,
2472 4375 2523 4439 2,

285 4449 670 4525 Forbigerum‚
712 4449 812 4508 sub
850 4448 1087 4524 singulis
1139 4450 1339 4508 verbis.
1413 4452 1474 4508 C.
1511 4450 1805 4508 Mullorum
1843 4450 1913 4504 ad
1949 4448 2096 4506 Ptol.
2133 4449 2183 4516 3,
2237 4447 2305 4503 10
2342 4450 2402 4503 et
2441 4445 2523 4507 11.
