3200 5217
1247 545 1643 613 ..fl-3...

329 726 520 792 Ponto
568 726 810 792 Euxino
862 726 1100 804 definit,
1161 739 1345 812 atque
1389 739 1575 790 totam
1622 731 1930 811 regionem
1974 742 2167 811 usque
2211 719 2287 789 ad
2334 721 2579 791 Cherso-

331 843 542 882 nesum
598 821 1008 883 Chalcidicam
1059 841 1313 901 eamque
1359 821 1551 900 ipsam
1598 821 1896 880 Thraciae
1956 821 2170 879 mirum
2224 821 2288 879 in
2340 819 2580 880 modum

331 912 556 971 tribuit.
672 910 822 972 Cum
899 918 1216 990 praeterea
1286 929 1484 989 neque
1555 911 1923 989 provinciam
1992 909 2313 969 Thraciam
2381 929 2581 990 neque

331 1002 617 1061 Moesiam
664 1001 918 1080 noverit,
967 1009 1220 1080 apparet
1264 1000 1671 1060 testimonium
1719 1001 1847 1060 eius
1886 998 1962 1058 ad
1993 1009 2254 1060 nostram
2287 1000 2579 1079 quaestio-

331 1111 466 1150 nem
512 1090 736 1149 nullius
781 1090 909 1149 fere
953 1090 1235 1149 momenti
1283 1109 1431 1152 esse.

509 1179 741 1238 Plinius
760 1198 1002 1258 quoque
1020 1178 1120 1260 (N.
1138 1178 1214 1241 H.
1237 1181 1297 1250 4,
1329 1179 1617 1257 40-49)
1635 1180 1938 1256 regionem
1956 1199 2112 1258 quae
2128 1186 2336 1257 postea
2354 1179 2582 1237 Moesia

333 1270 587 1328 Inferior
635 1278 846 1327 vocata
894 1278 985 1327 est
1027 1276 1098 1327 ut
1127 1267 1424 1327 Thraciae
1470 1277 1707 1348 partem
1754 1267 2065 1348 descripsit
2112 1287 2311 1348 neque
2342 1269 2579 1327 omnino

336 1359 707 1438 provinciam
752 1358 1044 1417 Moesiam
1090 1359 1594 1432 commemoravit3
1658 1359 1800 1417 item
1847 1367 2030 1417 totam
2075 1360 2382 1436 regionem
2428 1358 2581 1416 inter

335 1448 706 1526 Strymonem
778 1455 839 1507 et
900 1446 1156 1520 Nestum
1219 1449 1513 1506 iacentem
1582 1447 1732 1506 falso
1802 1447 2100 1507 Thraciae
2162 1447 2389 1511 tribuit.
2489 1445 2580 1505 De

335 1537 621 1615 gentibus
682 1536 1039 1617 plerumque
1100 1537 1348 1596 confusa
1410 1535 1593 1595 tradit
1655 1556 1853 1616 neque
1908 1557 1985 1597 ex
2041 1536 2247 1597 ordine
2303 1556 2422 1617 quo
2481 1555 2581 1594 eas

334 1635 604 1687 recenset
650 1626 937 1707 quicquid
984 1627 1321 1703 argumenti
1364 1625 1518 1685 effici
1550 1646 1728 1705 posse
1756 1624 1998 1686 videtur
2028 1627 2127 1705 (cf.
2161 1626 2317 1685 infra
2348 1646 2403 1705 p.
2447 1625 2569 1704 18).

335 1715 887 1777 Commemorantur
932 1716 1009 1775 ab
1041 1736 1131 1791 eo,
1180 1723 1419 1795 praeter
1457 1735 1710 1795 graecas
1742 1715 1922 1775 urbes
1955 1717 2264 1795 antiquas:
2313 1714 2580 1793 Philippi

337 1802 476 1888 (col.
509 1806 551 1867 J
555 1806 638 1865 ul.
672 1804 1124 1885 Philippensis),
1172 1805 1463 1865 Deultum
1509 1815 1927 1865 veteranorum
1973 1803 2109 1887 (col.
2147 1804 2360 1863 Flavia
2407 1803 2582 1863 Pacis

336 1895 623 1955 Deultum
670 1915 707 1954 a
752 1895 1124 1970 Vespasiano
1173 1912 1228 1953 a.
1268 1896 1524 1956 71-75
1575 1894 1860 1974 condita),
1911 1895 2022 1957 col.
2057 1893 2425 1973 Flaviopolis
2474 1889 2577 1974 (cf.

337 1985 493 2045 infra
538 2007 598 2066 p.
636 1984 776 2065 21),
825 1986 976 2064 Apri
1024 1984 1255 2044 colonia
1308 1983 1588 2065 (Claudia
1620 1980 1955 2065 Aprensis).
2026 1983 2368 2044 Verisimile
2397 1984 2584 2058 igitur

340 2084 430 2135 est
490 2075 556 2133 in
619 2072 1079 2154 descriptionem
1141 2073 1439 2134 Thraciae
1498 2074 1838 2133 Plinianam
1899 2072 2056 2133 idem
2118 2071 2355 2148 cadere,
2421 2070 2582 2151 quod

341 2164 517 2224 etiam
564 2165 628 2223 in
676 2172 901 2224 ceteros
948 2164 1076 2223 eius
1121 2163 1334 2240 libros3
1391 2162 1629 2223 videtur
1674 2165 1831 2223 enim
1878 2163 2110 2222 Plinius
2157 2181 2314 2243 quae
2357 2161 2585 2241 profert

340 2262 447 2313 aut
492 2273 568 2313 ex
613 2254 926 2334 Agrippae
971 2264 1077 2313 aut
1121 2273 1200 2313 ex
1242 2252 1459 2314 Graeci
1507 2253 1812 2313 cuiusdam
1860 2252 2255 2333 descriptione
2300 2271 2583 2328 magnam

341 2354 570 2425 partem
615 2344 944 2424 repetiisse,
994 2352 1120 2404 tum
1167 2364 1308 2403 vero
1350 2363 1427 2403 ex
1457 2363 1566 2403 sua
1598 2344 1838 2423 propria
1870 2351 2068 2402 aetate
2099 2341 2386 2402 nonnulla
2418 2339 2582 2398 addi·

344 2433 517 2508 disse,
566 2434 653 2492 ita
698 2442 897 2493 tamen
945 2442 1014 2492 ut
1056 2433 1207 2492 nihil
1253 2452 1331 2492 ex
1375 2434 1468 2510 iis,
1517 2453 1676 2513 quae
1723 2433 1889 2513 prius
1921 2433 2255 2512 scripserat,
2304 2438 2578 2492 mutaret.

341 2521 651 2583 Eiusmodi
705 2520 1116 2583 additamenta
1168 2531 1310 2582 sunt
1366 2531 1488 2582 tam
1542 2523 1786 2581 nomina
1833 2522 2196 2581 coloniarum
2242 2518 2477 2581 Claudii
2524 2527 2583 2578 et

347 2613 728 2692 Vespasiani,
788 2632 938 2693 quas
993 2612 1168 2672 modo
1217 2611 1369 2685 dixi,
1429 2631 1611 2692 quam
1656 2610 1809 2671 illud
1856 2610 2017 2692 quod
2065 2610 2141 2670 de
2182 2610 2236 2669 L
2280 2610 2581 2685 strategiis

339 2702 639 2761 Thraciae
695 2701 876 2762 tradit
931 2702 1027 2782 (cf.
1082 2702 1237 2761 infra
1291 2723 1351 2782 p.
1417 2701 1560 2782 14.).
1661 2700 1917 2778 Singula
1971 2700 2110 2759 vide
2167 2701 2230 2758 in
2286 2698 2583 2774 capitibus

339 2792 817 2871 insequentibus.
2010 2784 2017 2791 ’

516 2881 750 2941 Primus
816 2881 1193 2941 Ptolemaeus
1263 2878 1361 2963 (3,
1432 2880 1538 2960 11)
1607 2888 1769 2940 recte
1835 2879 2203 2959 provinciam
2265 2876 2585 2936 Thraciam

340 2971 768 3032 circumscribit
797 2970 897 3051 (cf.
923 2972 1080 3030 infra
1103 2991 1160 3050 p.
1190 2965 1297 3054 5.).
1366 2969 1802 3031 Commemorat
1850 2989 1983 3029 cum
2013 2971 2231 3048 Apros,
2281 2966 2583 3039 Deultum,

337 3072 463 3120 tum
495 3061 965 3140 Traianopolim‚
1014 3058 1463 3139 Plotinopolim‚
1515 3067 1838 3138 utramque
1877 3058 2234 3137 Nicopolim,
2281 3055 2586 3116 Serdicam

336 3151 517 3210 urbes
574 3171 611 3208 a
667 3150 931 3210 Traiano
994 3149 1290 3225 conditas3
1346 3150 1565 3208 omittit
1618 3158 1817 3208 tamen
1873 3149 2217 3226 Augustam
2261 3145 2586 3204 Traianam

337 3249 398 3300 et
442 3238 953 3319 Hadrianopolim,
1005 3248 1065 3299 et
1094 3239 1588 3320 Marcianopolim
1622 3257 1883 3319 quoque,
1935 3238 1997 3297 in
2028 3237 2228 3296 vicina
2273 3235 2586 3315 provincia

336 3331 565 3390 Moesia
618 3329 909 3389 Inferiore
964 3330 1154 3391 sitam.
1246 3327 1397 3389 Cum
1453 3328 1639 3406 igitur
1696 3337 1928 3388 constet
1981 3327 2390 3386 Ptolemaeum
2448 3333 2588 3404 post

337 3420 729 3496 Antoninium
759 3419 934 3478 Pium
981 3426 1278 3479 mortuum
1310 3438 1458 3498 esse,
1508 3417 1750 3478 videtur
1789 3417 2248 3496 descriptionem
2280 3415 2586 3474 Thraciae

335 3529 415 3569 ex
476 3518 719 3568 auctore
779 3509 878 3568 vel
941 3508 1282 3568 auctoribus
1337 3509 1688 3587 sumpsisse,
1756 3509 1860 3587 qui
1916 3506 2159 3566 Traiani
2215 3503 2585 3584 temporibus

334 3599 711 3678 scripserant.
805 3597 941 3673 Qua
1000 3618 1076 3658 ex
1130 3618 1196 3658 re
1251 3598 1574 3658 verisimile
1633 3597 1716 3670 fit,
1765 3599 2106 3676 Augustam
2152 3596 2480 3654 Traianam
2526 3600 2588 3651 et

333 3687 825 3768 Marcianopolim
892 3697 1029 3768 post
1086 3688 1351 3768 reliquas
1413 3686 1625 3765 urbas,
1699 3706 1952 3766 quarum
2016 3685 2315 3745 Traianus
2379 3690 2587 3743 auctor

333 3776 607 3852 traditur,
658 3776 928 3838 conditas
973 3797 1126 3839 esse.
1488 3851 1493 3858 ἡ

514 3869 865 3927 Ammianus
923 3866 1183 3947 denique
1240 3868 1383 3947 (27,
1442 3867 1506 3945 4)
1563 3865 1878 3925 dioecesim
1926 3863 2318 3923 Thraciarum
2367 3861 2583 3920 aetatis

334 3978 482 4018 suae
531 3956 718 4041 (saec.
753 3952 892 4039 IV.)
944 3957 1274 4036 descripsit,
1325 3955 1615 4015 nonnulla
1662 3954 1969 4035 praefatus
2016 3951 2092 4012 de
2134 3953 2317 4012 rebus
2362 3952 2424 4009 in
2466 3950 2585 4008 illis

332 4048 655 4128 provinciis
689 4048 996 4127 superiore
1029 4056 1226 4106 aetate
1258 4047 1465 4124 gestis,
1514 4066 1627 4104 nec
1658 4065 1780 4104 non
1812 4042 1887 4103 de
1916 4041 2203 4120 gentibus
2236 4040 2585 4101 clarioribus

330 4137 636 4197 Thracum
683 4156 1012 4217 eorumque
1056 4136 1342 4196 moribus·
1394 4172 1477 4182 —

510 4228 804 4287 Auctores
850 4227 1227 4301 recentiores,
1277 4227 1381 4305 qui
1425 4224 1500 4284 de
1531 4223 1794 4284 Thracia
1838 4223 1902 4281 in
1927 4223 2276 4281 universum
2308 4228 2582 4298 egerunt,

331 4315 445 4376 hoc
492 4317 621 4376 loco
670 4316 883 4376 afferre
930 4315 1188 4375 sufficiet
1234 4315 1367 4376 hos:

510 4406 837 4484 Forbiger,
901 4404 1245 4466 Handbuch
1308 4404 1414 4465 der
1469 4404 1634 4463 alten
1680 4401 2071 4480 Geographie
2128 4402 2197 4474 3,
2259 4419 2320 4478 p.
2387 4399 2585 4470 10713

331 4495 553 4576 Pauly,
612 4494 1275 4576 Real-encyclopaedie,
1333 4503 1395 4554 et
1441 4492 1631 4553 Smith
1650 4538 1664 4567 ,
1712 4493 2063 4570 Dictionary
2112 4490 2179 4549 of
2218 4486 2421 4549 Greek
2468 4485 2615 4551 and,
