3200 5217
1266 538 1711 599 ...25-

354 719 589 801 popolis
619 727 679 780 et
710 738 868 799 quae
900 726 1115 799 postea
1144 717 1614 801 Hadrianopolis
1645 719 1949 800 appellata
1980 727 2089 794 est,
2138 719 2200 780 in
2232 716 2611 780 interioribus

353 810 651 871 Thraciae
697 818 839 870 ante
897 818 1154 871 aetatem
1216 809 1634 872 dominationis
1678 810 1986 871 Romanae
2045 818 2606 882 commemorantur;

357 919 722 981 quamquam
789 897 1103 979 probabile
1165 910 1259 960 est
1317 900 1509 962 multa
1567 909 1883 981 praeterea
1941 898 2163 980 oppida
2229 907 2431 960 aetate
2489 900 2611 959 iam

354 988 688 1050 Alexandri
745 990 957 1067 Magni
1012 989 1114 1049 vel
1156 990 1496 1070 Lysimachi
1542 990 1768 1051 ibidem
1813 990 1996 1052 fuisse
2011 1035 2028 1065 ,
2092 1008 2346 1070 quorum
2390 988 2609 1049 mentio

356 1079 523 1140 nulla
576 1079 736 1140 facta
790 1089 884 1139 est
899 1124 914 1152 ,
988 1099 1147 1159 quae
1204 1089 1414 1161 postea
1472 1101 1510 1140 a
1563 1081 1850 1142 Romanis
1906 1079 2366 1160 imperatoribus
2430 1086 2611 1139 aucta

354 1171 653 1249 novisque
682 1167 1020 1230 nominibus
1051 1168 1326 1249 praedita
1355 1172 1674 1232 memoriae
1720 1168 2148 1251 prodebantur.
2217 1168 2405 1229 Velut
2433 1168 2609 1228 Nico-

354 1259 536 1336 polim
593 1257 672 1318 ad
726 1258 1011 1338 Nestum,
1072 1259 1551 1341 Traianopolim,
1623 1265 1963 1340 Augustam
2017 1260 2340 1322 Traianam
2405 1258 2612 1320 verisi-

352 1348 493 1410 mile
547 1358 640 1410 est
691 1368 815 1409 non
870 1350 934 1408 in
980 1347 1229 1411 desertis
1280 1352 1447 1428 agris
1501 1349 1579 1412 ab
1637 1348 2094 1430 imperatoribus
2140 1347 2414 1409 conditas
2458 1367 2607 1421 esse,

354 1438 458 1499 sed
504 1458 583 1499 ex
627 1437 865 1519 oppidis
908 1439 1149 1518 exiguis
1177 1439 1635 1520 imperatoribus
1679 1439 2024 1500 faventibus
2054 1437 2131 1500 ad
2161 1458 2387 1499 novum
2424 1437 2609 1498 robur

352 1548 702 1609 novumque
756 1527 1135 1609 splendorem
1190 1531 1524 1592 accrevisse
1581 1529 2043 1610 nominibusque
2103 1528 2426 1609 praeclaris
2480 1545 2609 1588 esse

351 1627 608 1682 ornatas.
707 1618 865 1678 Nam
911 1638 945 1679 e
992 1616 1164 1679 bellis
1221 1621 1535 1696 continuis,
1593 1640 1753 1701 ,quae
1807 1621 1964 1680 inter
2015 1627 2232 1698 gentes
2284 1618 2610 1678 Thracicas

351 1707 640 1786 flagrasse
685 1706 1031 1781 traduntur,
1095 1710 1286 1770 conici
1338 1719 1553 1790 potest,
1616 1730 1720 1772 eos
1780 1708 2037 1790 populos
2096 1727 2217 1768 non
2270 1727 2378 1786 per
2434 1725 2610 1786 agros

351 1807 605 1875 vagatos
659 1818 807 1872 esse,
855 1796 961 1859 sed
1006 1797 1175 1859 firma
1221 1799 1442 1879 oppida
1487 1798 1845 1874 condidisse,
1891 1796 2053 1858 unde
2099 1796 2610 1879 proficiscerentur

352 1907 595 1969 quoque
637 1907 703 1949 se
747 1888 1099 1968 reciperent.

530 1978 684 2058 Imp.
734 1975 1049 2052 Claudius,
1104 1978 1359 2040 fortasse
1415 1978 1621 2040 eodem
1676 1999 1834 2039 anno
1891 1998 2011 2059 quo
2058 1978 2426 2058 provinciam
2474 1996 2611 2037 con·

350 2067 577 2140 stituit,
648 2067 943 2127 coloniam
1012 2067 1322 2129 Claudiam
1382 2070 1603 2146 Apros,
1676 2070 1812 2145 imp.
1874 2069 2286 2149 Vespasianus
2348 2066 2608 2127 colonias

352 2157 629 2217 Flaviam
673 2157 849 2217 Pacis
893 2158 1182 2219 Deultum
1228 2169 1291 2218 et
1331 2158 1733 2239 Flaviopolim
1778 2157 2200 2233 condiderunt3
2255 2156 2353 2218 hic
2407 2156 2604 2229 etiam,

353 2246 453 2308 vel
497 2246 752 2308 fortasse
795 2248 938 2328 imp.
972 2249 1351 2309 Domitianus
1376 2245 1447 2331 ¹),
1482 2249 1952 2330 Philippopolim
1984 2250 2071 2308 ita
2099 2247 2341 2308 auxisse
2370 2244 2608 2307 videtur

354 2345 424 2396 ut
467 2337 616 2397 haec
657 2336 774 2397 sibi
819 2337 1069 2399 Flaviae
1114 2358 1444 2418 cognomen
1487 2337 1844 2400 adsumeret.

532 2427 685 2506 Imp.
735 2426 1110 2489 Domitianus
1160 2428 1389 2489 nullam
1434 2427 1690 2489 traditur
1732 2427 1944 2490 urbem
1989 2429 2053 2488 in
2097 2428 2359 2488 Thracia
2403 2425 2605 2488 condi-

353 2514 512 2577 disse
543 2514 651 2576 sed
682 2516 795 2576 col.
819 2517 993 2577 Pacis
1015 2518 1302 2578 Deultum
1336 2538 1492 2579 anno
1520 2520 1600 2580 82
1628 2519 1817 2592 auxit,
1852 2516 2125 2578 deductis
2144 2518 2288 2578 illuc
2311 2517 2608 2578 veteranis

355 2606 511 2683 eleg.
530 2605 698 2672 Vm.
714 2606 876 2683 Aug.
892 2606 1006 2667 sub
1022 2606 1244 2668 Avidio
1260 2608 1475 2684 Quieto
1498 2609 1703 2686 legato
1720 2610 1881 2686 Aug.
1902 2629 1990 2688 pr.
2010 2628 2101 2687 pr.
2123 2607 2281 2688 (CIL
2300 2607 2359 2679 6,
2381 2604 2603 2689 3828).

529 2694 658 2756 Sub
704 2695 970 2756 Traiano
1026 2698 1282 2777 primum
1336 2700 1647 2774 provincia
1691 2698 1958 2759 Thracia
2008 2698 2269 2758 maxime
2320 2696 2605 2770 invaluitt,

350 2786 401 2845 is
457 2785 616 2844 enim
662 2785 984 2866 imperator
1026 2787 1208 2848 urbes
1253 2787 1721 2868 Traianopolim,
1777 2786 2076 2849 Serdicam
2093 2833 2108 2861 ,
2163 2785 2604 2866 Plotinopolim,

350 2876 694 2953 Augustam
739 2875 1085 2951 Traianam,
1133 2886 1453 2957 utramque
1497 2877 1852 2954 Nicopolim,
1900 2877 2299 2937 Trimontium
2346 2872 2610 2934 condidit

351 2964 624 3045 aliasque
655 2966 1024 3047 antiquiores
1045 2975 1113 3026 ut
1134 2967 1491 3043 Pautaliam,
1526 2968 1907 3041 Anchialum,
1942 2965 2309 3037 Perinthum,
2336 2965 2603 3043 Bizyam,

355 3054 647 3131 Topirum
695 3057 884 3129 auxit,
932 3055 995 3116 id
1042 3055 1205 3137 quod
1251 3077 1329 3118 ex
1374 3059 1637 3119 omnium
1666 3058 1880 3119 harum
1911 3057 2221 3116 civitatum
2254 3053 2606 3133 cognomine

353 3143 540 3224 Ulpia
585 3155 853 3225 apparet.

529 3233 679 3313 Imp.
704 3233 1048 3296 Hadrianus
1069 3235 1277 3296 urbem
1301 3238 1466 3317 prius
1490 3237 1781 3299 Orestiam
1805 3236 1904 3297 vel
1928 3233 2195 3297 Gonneis
2218 3233 2317 3294 vel
2341 3230 2607 3295 Uscuda-

353 3342 509 3383 mam
573 3321 817 3398 dictam,
878 3324 1374 3406 Hadrianopolim
1434 3325 1699 3388 condidit
1758 3336 1821 3388 et
1872 3326 1931 3386 N
1933 3324 2307 3406 icopolitanis
2354 3323 2597 3384 Istrens.

359 3414 661 3477 civitatem
707 3414 1036 3475 Romanam
1082 3414 1265 3490 dedit,
1313 3427 1380 3476 ut
1425 3416 1618 3478 tribus
1664 3416 1877 3495 Sergia
1920 3414 2288 3477 demonstrat
2301 3408 2368 3493 ²).

538 3570 557 3600 1
1158 3577 1167 3587 .

539 3568 1505 3725 ἦ,ἓῖὶξῗῐιέῗῖἶῃὶῑιῗὲῗὺῑὲἓῗῗὶι
1531 3573 2070 3727 51’1032³322‘.)'1nf.papa?
2092 3642 2201 3726 Τῷ.
2246 3641 2437 3697 Ccaud.
2485 3641 2597 3698 m.

350 3712 404 3784 f.
443 3711 643 3783 Serpa
680 3713 928 3785 Nicopolae
975 3721 1074 3769 vet.
1114 3714 1216 3784 leq.
1255 3714 1306 3772 I.
1341 3714 1503 3771 Ital.“
1577 3716 1776 3772 Eidem
1813 3715 2066 3785 N1copoli
2100 3714 2428 3770 tribuendus
2480 3729 2606 3770 esse

358 3783 583 3840 videtur
617 3783 822 3841 titulus
858 3802 907 3841 a.
938 3787 1040 3842 148
1077 3787 1214 3857 (CIL
1243 3790 1295 3854 6,
1325 3788 1469 3858 375).
1532 3788 1637 3844 Ille
1675 3793 1862 3843 tamen
1886 3787 2230 3843 Brittanicus
2267 3786 2411 3853 (CIL
2437 3788 2489 3854 7,
2514 3787 2607 3855 51)

359 3870 593 3925 prorsus
641 3860 760 3912 tam
797 3857 1025 3913 mutilus
1064 3864 1168 3925 est,
1204 3863 1273 3913 ut
1310 3858 1448 3914 nihil
1485 3875 1553 3916 ex
1591 3875 1657 3916 eo
1695 3858 1945 3914 concludi
1980 3857 2176 3927 possit.
2251 3856 2414 3912 Haud
2448 3862 2605 3913 recte

358 3926 566 3997 igitur,
602 3932 669 3983 nt
704 3927 912 3998 opinor,
949 3928 1298 3986 Knbitschek
1335 3932 1410 4000 (p.
1437 3932 1564 4002 246)
1601 3932 1704 3986 hos
1738 3930 1933 3985 titulos
1960 3944 2147 3985 omnes
2172 3928 2421 3997 Nicopoli
2447 3928 2605 3998 Epiri

358 3997 579 4054 tribuit.
673 3999 812 4055 Nam
867 4000 963 4056 ille
1008 4000 1436 4058 Bahovitzensis
1493 4018 1601 4057 non
1656 4003 1822 4072 longe
1877 4017 1912 4056 a
1958 3999 2211 4069 Nicopoli
2267 4001 2338 4056 ad
2394 4000 2604 4055 Istrum

363 4069 590 4139 prodiit,
628 4076 929 4127 veteranus
973 4078 1161 4129 autem
1201 4073 1308 4143 leg.
1347 4073 1393 4130 I.
1421 4074 1565 4141 Ital„
1605 4074 1653 4129 si
1690 4073 1925 4143 Epirota
1961 4081 2127 4139 esset,
2164 4077 2293 4141 post
2329 4071 2605 4141 stipendia

362 4141 620 4197 confecta
644 4142 740 4198 vix
762 4143 821 4198 in
846 4144 1064 4201 Moesia
1087 4144 1359 4201 Inferiore
1394 4145 1754 4201 remansisset
1779 4144 1877 4200 sed
1902 4144 1974 4199 ad
1997 4143 2146 4199 lares
2172 4159 2299 4200 suos
2322 4143 2602 4200 rediisset.

542 4214 733 4283 Neque
753 4215 891 4270 illud
913 4216 1133 4284 quidem
1156 4222 1311 4272 certo
1332 4222 1568 4283 constat,
1590 4215 1894 4287 Nicopolim
1914 4214 2072 4285 Epiri
2094 4215 2313 4271 omnino
2334 4213 2605 4271 coloniam

360 4284 537 4341 fuisse
565 4291 665 4341 aut
698 4291 829 4341 ante
850 4285 1194 4343 caracallam
1220 4287 1505 4345 civitatem
1530 4290 1834 4344 Romanam
1862 4286 2160 4356 accepisse.
2216 4287 2444 4342 Tacitus
2470 4301 2604 4342 sane

362 4357 435 4483 gi,
467 4357 554 4427 10)
593 4356 862 4412 coloniam
889 4358 1194 4414 Romanam
1230 4361 1506 4430 appellat;
1547 4361 1618 4417 cf.
1647 4362 1965 4427 Mommsen,
1999 4359 2154 4414 Rom.
2182 4357 2376 4413 Gesch.
2403 4359 2453 4425 5,
2480 4359 2601 4414 271.

366 4477 371 4482 .
412 4429 506 4484 ide
543 4434 727 4485 tamen
763 4428 1005 4485 Plinium
1042 4431 1107 4485 N.
1142 4431 1210 4486 Η.
1248 4435 1300 4500 4,
1337 4434 1398 4502 53
1435 4432 1587 4489 Serv.
1626 4434 1697 4490 ad
1738 4434 1868 4487 Aen.
1908 4431 1961 4502 3,
1998 4431 2129 4498 5013
2166 4429 2235 4486 cf.
2272 4429 2481 4499 Hense,
2518 4428 2601 4488 De

363 4499 688 4558 civitatibus
725 4500 916 4559 liberis
953 4519 1005 4574 p.
1032 4504 1116 4559 33.
2577 4556 2582 4560 .
