3200 5217
1561 567 2001 631 bssss...

672 750 927 815 traditur
991 753 1147 814 inter
1207 749 1529 832 Byzantios
1597 760 1658 813 et
1717 750 2083 811 Callatianos
2151 750 2284 832 (qui
2344 751 2533 810 socios
2599 748 2909 810 habebant

669 844 983 924 Istrianos)
1032 842 1107 904 de
1155 843 1461 923 „emporio
1493 842 1737 901 Tomis“
1789 844 2061 901 exortum
2110 860 2259 914 esse,
2308 849 2508 900 aetate
2555 842 2648 919 (ut
2692 859 2728 899 e
2772 859 2908 899 con·

666 944 841 995 textu
886 927 1163 1015 apparet)
1213 939 1374 1017 regis
1403 932 1727 1011 Bithyniae
1773 929 2113 991 Nicomedis
2158 930 2190 989 Ι
2208 928 2275 1010 ¹),
2324 931 2469 1010 quia
2513 930 2676 990 cives
2716 928 2906 990 Calla-

662 1023 819 1084 tidos
881 1032 941 1085 et
993 1024 1133 1083 Istri
1188 1022 1399 1082 urbem
1454 1022 1673 1081 Tomos
1726 1022 1792 1079 in
1848 1022 2193 1081 societatem
2248 1022 2517 1101 recipere
2570 1020 2905 1081 voluerant.

665 1114 915 1174 Prorsus
962 1114 1120 1173 enim
1168 1111 1244 1173 de
1287 1112 1573 1172 societate
1621 1112 1955 1171 commercii
1988 1129 2172 1170 causa
2215 1110 2377 1169 facta
2408 1111 2630 1188 agitur,
2677 1129 2754 1170 ex
2787 1128 2909 1189 qua

665 1204 984 1284 Byzantini
1030 1200 1388 1263 excludendi
1434 1209 1610 1262 erant
1624 1197 1695 1281 ⁹).

846 1293 1113 1353 Primum
1166 1293 1352 1369 igitur
1406 1292 1471 1350 in
1523 1291 1628 1351 illo
1685 1290 1843 1350 bello
1890 1299 2422 1351 commemorantur
2465 1288 2710 1349 foedera
2752 1290 2911 1349 inter

669 1385 959 1459 civitates,
1032 1402 1190 1462 quae
1234 1389 1447 1461 postea
1491 1380 1870 1461 Pentapolim
1940 1388 2047 1440 aut
2091 1379 2454 1460 Hexapolim
2516 1379 2907 1453 constituere3

668 1493 868 1553 neque
914 1472 1236 1553 quicquam
1281 1479 1595 1551 praeterea
1644 1469 1717 1529 de
1764 1490 1837 1531 ea
1882 1490 1950 1530 re
1995 1478 2247 1545 constat,
2295 1489 2488 1549 usque
2535 1467 2610 1528 ad
2652 1476 2908 1529 aetatem

666 1565 1092 1642 imperatorum
1132 1562 1555 1634 Romanorum,
1606 1580 1728 1641 qua
1772 1561 1892 1619 iam
1921 1559 2271 1640 Pentapolis
2301 1560 2626 1619 invenitur.
2703 1558 2909 1637 Suspi-

669 1654 791 1711 cari
847 1671 988 1711 vero
1044 1651 1214 1731 licet,
1269 1651 1646 1731 Pentapolim
1701 1651 1819 1709 iam
1878 1658 2019 1709 ante
2071 1648 2533 1710 dominationem
2580 1649 2910 1709 Romanam

670 1742 996 1816 exstitisse3
1054 1762 1192 1800 nam
1251 1741 1553 1813 civitates,
1614 1759 1771 1819 quae
1817 1741 1935 1799 iam
1984 1740 2061 1798 ab
2107 1740 2279 1799 initio
2312 1759 2483 1802 saec.
2530 1739 2626 1798 III
2671 1758 2723 1799 a.
2772 1736 2911 1801 Chr.

666 1833 823 1891 inter
895 1851 960 1890 se
1029 1829 1105 1889 ad
1168 1830 1391 1890 bellum
1450 1828 1795 1890 foederatae
1855 1830 2128 1903 fuerunt,
2196 1829 2519 1889 verisimile
2581 1836 2673 1889 est
2731 1828 2911 1887 etiam

671 1922 1024 1981 societatem
1072 1940 1371 1980 sacrorum
1420 1918 1828 1979 faciendorum
1878 1939 2061 1980 causa
2106 1918 2395 1979 habuisse
2411 1914 2479 1998 3).

845 2011 1142 2086 Deinceps
1190 2008 1599 2090 quaerendum
1649 2018 1770 2082 est,
1821 2029 1979 2089 quae
2024 2009 2205 2069 urbes
2252 2007 2621 2087 Pentapoleo
2668 2007 2910 2066 fuerint.

844 2100 936 2160 Ac
999 2101 1255 2181 primum
1317 2098 1558 2180 quidem
1618 2097 1876 2159 Odessus
1931 2096 2296 2178 appellanda
2352 2108 2469 2171 est,
2533 2105 2683 2158 teste
2739 2096 2912 2156 titulo

674 2187 812 2250 OIG
860 2190 1107 2265 2056⁶3
1156 2197 1282 2249 tum
1329 2189 1523 2263 Tomi,
1574 2189 1718 2268 quia
1761 2189 1947 2266 longe
1994 2188 2382 2248 celeberrima
2431 2185 2916 2265 validissimaque

673 2278 823 2340 urbs
876 2279 1039 2339 illius
1091 2280 1358 2356 regionis
1413 2287 1745 2358 posteaque
1792 2286 1975 2357 caput
2018 2277 2405 2357 Hexapoleos
2450 2278 2580 2340 fuit.
2671 2275 2915 2334 Titulus

671 2368 1069 2430 Mesembriae
1114 2377 1389 2450 repertus
1423 2366 1588 2448 (CIG
1622 2365 1900 2452 2053d)‚
1951 2388 2070 2448 quo
2101 2368 2277 2428 homo
2307 2368 2553 2445 ignotus
2594 2386 2631 2425 a
2662 2364 2915 2424 civitati-

667 2458 781 2519 bus
828 2459 1179 2531 Tomorum,
1244 2460 1407 2539 Istri‚
1475 2457 1870 2539 Appolloniae
1927 2455 2088 2539 (cum
2144 2456 2379 2516 duabus
2433 2456 2595 2531 aliis,
2662 2474 2914 2535 quarum

665 2550 910 2608 nomina
963 2549 1026 2607 in
1080 2546 1283 2627 lapide
1335 2549 1673 2628 perierunt,
1733 2546 1840 2607 sed
1899 2546 2060 2607 haud
2120 2546 2300 2607 dubie
2348 2545 2611 2607 Odessus
2666 2555 2725 2603 et
2778 2545 2915 2623 ipsa

665 2638 773 2697 ubi
834 2638 1042 2697 titulus
1104 2636 1327 2718 prodiit
1379 2633 1767 2720 Mesembria)
1812 2636 2168 2714 honoratur,
2235 2655 2602 2717 quamquam
2657 2653 2916 2710 magnae

671 2728 1044 2787 auctoritatis
1091 2728 1496 2787 testimonium
1527 2748 1651 2787 non
1683 2735 1774 2787 est
1802 2747 2002 2807 neque
2035 2726 2387 2806 Pentapolis
2418 2744 2697 2806 expresso
2728 2721 2916 2782 verbo

666 2819 730 2877 in
790 2837 861 2877 eo
918 2826 1435 2891 commemoratur,
1494 2826 1696 2877 tamen
1751 2836 1993 2896 prorsus
2051 2818 2345 2877 actionem
2400 2815 2706 2896 publicam
2761 2831 2913 2874 com-

665 2927 904 2968 munem
954 2909 1223 2988 quinque
1268 2909 1601 2967 civitatium
1651 2908 1969 2985 significat,
2021 2905 2183 2987 quod
2229 2906 2381 2966 nihil
2438 2903 2602 2964 aliud
2657 2912 2750 2964 est
2802 2902 2919 2963 nisi

670 2997 1032 3077 Pentapolis.

848 3087 1259 3147 Mesembriam
1282 3085 1523 3166 quidem
1541 3094 1603 3146 et
1620 3087 2004 3167 Apolloniam
2019 3106 2306 3166 umquam
2324 3084 2722 3164 Pentapoleos
2738 3080 2919 3142 urbes

672 3176 861 3236 fuisse
887 3178 1307 3250 Mommsenus‚
1356 3185 1426 3236 ut
1454 3196 1641 3257 supra
1672 3177 1817 3251 dixi,
1868 3196 2111 3257 prorsus
2142 3183 2347 3255 negat,
2396 3176 2458 3233 in
2483 3173 2680 3234 locum
2713 3191 2921 3231 earum

679 3266 956 3326 Callatim
1002 3287 1073 3325 ac
1103 3267 1556 3346 Dionysopolim
1607 3286 1855 3347 ponens,
1905 3285 2270 3346 quamquam
2315 3267 2379 3324 in
2427 3264 2636 3324 harum
2677 3262 2920 3323 urbium

680 3357 873 3416 titulis
903 3356 1056 3415 nihil
1089 3354 1162 3415 de
1193 3356 1510 3436 Pentapoli
1542 3355 1784 3434 legitur.
1835 3355 2012 3431 Quod
2046 3376 2192 3416 sane
2222 3353 2298 3413 ad
2326 3353 2601 3414 Callatim
2634 3353 2917 3433 pertinet,

675 3465 772 3505 res
824 3446 1095 3526 aliquam
1148 3448 1421 3506 veritatis
1474 3448 1731 3526 speciem
1778 3447 1990 3520 habet,
2057 3456 2177 3505 tam
2224 3453 2470 3525 propter
2512 3441 2724 3503 foedus
2766 3439 2919 3501 illud

671 3536 1008 3615 antiquum,
1057 3534 1220 3616 quod
1267 3556 1452 3615 supra
1499 3538 1974 3610 commemoravi,
2027 3556 2206 3616 quam
2253 3543 2498 3614 propter
2527 3534 2704 3593 situm
2735 3531 2919 3596 urbis.

851 3745 892 3816 ²)
931 3746 1215 3815 Regnavit
1269 3763 1317 3801 a.
1371 3747 1656 3803 278—250
1706 3745 1786 3817 (?).
1864 3746 1947 3802 Cf.
2000 3746 2206 3802 Theod.
2258 3742 2531 3812 Reinach,
2589 3742 2919 3799 Mithridate

669 3818 918 3958 Eupatgff
937 3817 1044 3944 lq?
1047 3819 1140 3944 931?
1167 3819 1468 3955 lgssrffgsstini
1519 3896 1578 3945 et
1624 3895 1742 3946 tum
1796 3895 1854 3945 et
1889 3894 2056 3946 antea
2094 3889 2235 3944 alias
2272 3887 2534 3945 civitates
2572 3886 2798 3943 foedere
2833 3903 2918 3942 se-

672 3976 794 4016 cum
837 3969 1252 4029 coniunxerunt,
1291 3965 1406 4016 tam
1447 3962 1760 4017 commercii
1800 3978 1963 4030 quam
2000 3962 2133 4017 belli
2170 3975 2355 4017 causa.
2411 3961 2476 4015 In
2511 3959 2736 4015 foedere
2774 3958 2916 4014 enim

670 4032 899 4086 fuerunt
935 4048 1056 4086 oum
1108 4032 1383 4089 Heraclea
1431 4032 1665 4089 Pontica
1721 4033 2061 4103 temporibus
2120 4032 2378 4088 Antiochi
2424 4031 2501 4088 H.
2587 4030 2693 4086 Dei
2743 4029 2918 4100 (FHG

670 4104 879 4174 3,538);
928 4119 1050 4158 cum
1091 4104 1437 4160 Chalcedone
1488 4104 1754 4172 ὁμόνοιαν
1792 4106 2105 4160 habuerunt
2142 4104 2362 4171 (Poole,
2411 4121 2463 4173 p.
2506 4105 2625 4170 107,
2673 4103 2728 4156 in
2765 4117 2916 4156 num-

672 4176 779 4229 mis
819 4184 929 4230 aet.
969 4180 1097 4244 post
1121 4176 1498 4231 Alexandrum
1524 4178 1641 4248 Μ.),
1683 4192 1804 4232 cum
1845 4177 2110 4232 Perintho
2149 4175 2490 4245 temporibus
2526 4174 2639 4229 iam
2676 4171 2916 4243 Philippi

669 4246 827 4301 Alex.
868 4248 940 4301 M.
971 4247 1155 4338 'patris
1194 4252 1498 4315 συμμαχίαν
1538 4253 1626 4299 καὶ
1664 4249 1977 4340 συγγέγειαῗκ
2014 4249 2187 4319 (Dem.
2228 4248 2296 4301 de
2336 4248 2532 4302 Coron.
2570 4247 2682 4316 90),
2723 4245 2916 4300 deinde

667 4316 1598 4473 πμποέςτὲᾒτέιξὲἶῖἒὲεέῗιῖὴῗέθζ
1611 4322 2023 4462 'p‘ssss‘vfflsslss’
2046 4319 2468 4460 d331is6l3empire
2505 4387 2735 4455 romain,
2771 4405 2823 4458 p.
2850 4389 2916 4442 56

666 4461 846 4517 refert
892 4461 1242 4530 Pentapolim
1292 4463 1404 4529 (vel
1454 4463 1807 4534 Hexapolim)
1855 4465 2190 4531 primum-a.
2236 4465 2302 4517 12
2342 4480 2390 4518 a.
2432 4461 2554 4516 Chr.
2598 4476 2915 4516 commemo-

668 4533 813 4602 rari3
852 4534 950 4588 sed
986 4535 1130 4589 unde
1165 4533 1272 4589 hoc
1308 4534 1644 4605 prompserit
1681 4551 1788 4591 non
1826 4541 2077 4605 apparet.
