3200 5217
1203 538 1643 607 ...45.....

304 739 442 787 cum
488 717 672 807 plane
716 716 793 785 de
838 732 968 785 tota
1012 719 1348 804 Selymbria
1396 733 1635 803 agatur,
1690 734 1944 805 apparet
1986 719 2380 806 Selymbriam
2426 723 2543 790 illis

304 814 556 896 quidem
600 815 973 894 temporibus
1018 812 1240 892 κώμην
1300 822 1535 874 tantum
1593 813 1865 896 fuisse¹).
1957 817 2176 876 Verum
2227 826 2287 878 et
2331 818 2543 879 Liebe-

302 905 490 965 namii
509 901 561 986 2)
607 906 934 980 sententia,
983 904 1090 984 qui
1133 903 1291 964 hanc
1335 901 1556 981 κώμην
1600 905 1789 965 nostri
1833 905 1992 965 tituli
2038 904 2116 965 ad
2162 915 2543 977 conventum

304 1019 355 1063 c.
405 994 492 1061 R.
541 994 788 1070 rettulit,
836 992 1232 1075 improbanda
1277 1004 1368 1053 est
1383 990 1453 1077 3).

486 1083 826 1164 Selymbria
896 1094 1108 1163 postea
1180 1078 1676 1159 Είὸοξιούπολις
1742 1081 1901 1143 dicta
1969 1093 2061 1144 est
2126 1087 2214 1145 in÷
2256 1086 2545 1147 honorem

307 1172 625 1235 Eudoxiae
662 1175 805 1255 imp.
840 1172 1083 1234 Arcadii
1116 1175 1388 1253 coniugis
1436 1170 1725 1256 (Hierocl.
1759 1173 2011 1253 Procop.
2047 1174 2275 1238 Socrat.
2310 1176 2372 1237 ll.
2408 1173 2542 1262 cc.).

1264 1400 1596 1473 Serdica.

463 1528 681 1682 dlliodie
745 1527 927 1615 Sofia
940 1576 955 1606 ,
1027 1526 1261 1607 Σόφια,
1343 1531 1514 1610 bulg.
1584 1530 1871 1609 Sredetz,
1951 1541 2151 1595 aetate
2218 1534 2544 1616 byzantina

315 1626 461 1699 Τρια
523 1634 652 1685 τσα.

484 1710 709 1770 Kanitz
757 1711 818 1783 2,
867 1710 1246 1785 zoe—210,
1294 1709 1563 1785 Jirecek,
1614 1711 1975 1781 Monatsber,
2025 1711 2083 1775 d.
2131 1714 2291 1776 Berl.
2342 1715 2540 1776 Akad.

314 1801 506 1880 1881,
554 1821 616 1881 p.
653 1801 936 1862 465-7.
979 1875 985 1880 .
1029 1799 1495 1874 Domaszewski,
1543 1800 1678 1862 CIL
1726 1804 1785 1875 3,
1834 1822 1893 1882 p.
1949 1804 2269 1865 1336-7.

488 1889 734 1949 Nummi
778 1909 816 1948 a
860 1889 1064 1950 Marco
1108 1909 1303 1970 usque
1347 1889 1425 1950 ad
1473 1889 1836 1953 Gallienum.
1916 1889 2002 1955 cf.
2045 1894 2243 1968 etiam,
2294 1894 2543 1968 Arneth,

312 1978 732 2058 Sitzungsber.
767 1977 821 2039 d.
855 1977 1104 2040 Wiener
1133 1978 1330 2043 Akad.
1373 1981 1559 2054 1853,
1609 2001 1669 2060 p.
1708 1981 1854 2044 909.
1932 1980 2076 2041 Post
2106 1983 2547 2044 Diocletianum

309 2077 557 2129 moneta
601 2068 718 2128 fuit
762 2068 1004 2130 Daciae.
1094 2068 1445 2143 Mommsen,
1492 2069 1779 2134 Zeitschr.
1828 2070 1866 2132 f.
1914 2070 2094 2134 Num.
2150 2076 2250 2146 15,
2302 2073 2448 2137 240.

494 2157 728 2219 Titulos
797 2158 1097 2237 congessit
1162 2158 1458 2233 Homolle,
1530 2159 1825 2233 Dumont‚
1894 2180 1955 2239 p.
2015 2163 2363 2222 312-317
2377 2210 2395 2242 ,
2469 2162 2542 2226 cf.

310 2269 373 2328 p.
404 2249 529 2309 485
565 2258 625 2309 et
659 2248 807 2311 561.
885 2247 958 2307 Ei
990 2245 1250 2308 addendi
1279 2257 1446 2309 sunt:
1479 2249 1724 2323 Kanitz,
1762 2250 1821 2328 3,
1855 2271 1915 2329 p.
1945 2251 2102 2328 3495
2151 2251 2324 2311 ΔΕΜ
2347 2272 2409 2331 p.
2439 2253 2543 2327 91,

311 2358 376 2400 n.
415 2338 630 2399 1—10
678 2346 738 2398 et
781 2358 842 2417 p.
881 2338 1008 2397 205
1040 2357 1131 2419 sq.
1180 2357 1285 2398 un.
1322 2339 1603 2400 70-72.
1681 2340 1754 2399 In
1785 2338 1973 2399 titulis
2018 2342 2251 2416 graecis
2291 2340 2546 2421 plerum-

310 2446 431 2508 que
466 2422 503 2505 ἡ
535 2424 939 2505 λαμπροτάτη
963 2426 1229 2506 Σέρδων
1258 2424 1457 2508 πόλις,
1493 2428 1679 2489 semel
1702 2429 1990 2506 Σερόίων
2010 2426 2190 2503 πόλις
2214 2430 2412 2510 (ΛΕΜ
2442 2435 2542 2512 15,

312 2517 429 2591 92,
495 2512 560 2599 3)
624 2515 858 2580 dicitur.
960 2516 1157 2602 Ulpia
1222 2516 1485 2585 Serdica
1553 2516 1685 2578 CIL
1733 2518 1801 2602 6,
1868 2520 2037 2580 2397
2094 2523 2172 2581 13
2232 2530 2293 2580 et
2351 2522 2544 2594 3314,

307 2604 469 2686 pr.
501 2606 617 2685 Ep.
667 2609 730 2687 4,
781 2607 985 2681 894⁸,
1037 2609 1140 2669 22.
1235 2607 1452 2668 Errore
1483 2605 1619 2673 Ser.
1647 2608 1794 2693 qica
1839 2605 1973 2668 CIL
2021 2611 2081 2689 6,
2117 2611 2309 2673 2570.
2394 2610 2548 2670 Item

307 2694 608 2775 lapicidae
669 2714 868 2757 errore
914 2704 1110 2757 ortum
1172 2716 1303 2757 esse
1364 2695 1603 2758 videtur
1647 2696 1796 2758 illud
1842 2697 2072 2779 Iunia)
2127 2695 2301 2766 δονεῖ.
2388 2699 2539 2781 Eph.

309 2786 423 2866 ΕΡ.
473 2787 532 2862 4,
583 2785 732 2858 891,
788 2787 884 2849 13.
975 2785 1321 2863 Perperam,
1378 2795 1448 2847 ut
1492 2787 1731 2867 opinor,
1795 2787 2073 2848 Homolle
2125 2790 2191 2847 in
2235 2789 2339 2849 lat.
2387 2789 2546 2870 Eph.

306 2875 420 2954 Ep.
470 2877 529 2949 4,
582 2876 741 2948 896,
803 2877 861 2947 1,
907 2874 988 2951 ΙΙ,
1039 2877 1078 2936 8
1128 2895 1459 2954 cognomen
1487 2875 1779 2956 Fla(via)
1825 2876 2087 2945 Serdica
2132 2878 2300 2957 legit.
2392 2878 2549 2937 Nam

307 2965 375 3023 in
417 2962 672 3044 reliquis
719 2962 985 3024 eiusdem
1030 2964 1303 3026 laterculi
1348 2966 1688 3026 nominibus
1727 2986 2024 3047 nusquam
2064 2977 2553 3028 commemoratur

312 3072 645 3133 cognomen
702 3054 940 3133 patriae
1000 3055 1290 3136 civitatis3
1360 3075 1548 3137 quare
1611 3056 1968 3118 VEPIFLA
2023 3077 2143 3117 uno
2199 3057 2383 3117 verbo
2440 3078 2549 3137 pro

314 3144 672 3222 cognomine
717 3144 914 3204 nescio
961 3164 1082 3224 quo
1124 3145 1288 3206 illius
1331 3145 1534 3206 militis
1578 3145 1992 3227 accipiendum
2039 3156 2146 3208 est.

489 3233 708 3293 Mirum
739 3253 952 3293 revera
982 3243 1044 3294 et
1075 3254 1308 3295 nomem
1339 3234 1620 3318 Serdica,
1655 3235 1819 3316 quod
1856 3256 2147 3297 consensu
2175 3257 2552 3300 nummorum

311 3320 746 3403 titulorumque
791 3321 1077 3384 traditum
1133 3335 1227 3385 est
1275 3323 1377 3409 (cf.
1426 3325 1543 3384 Dio
1594 3329 1698 3405 51,
1749 3327 1859 3387 24:
1925 3327 2185 3405 Σερὸοί)
2243 3326 2406 3410 apud
2467 3327 2550 3391 la·

313 3414 472 3472 tinos
517 3420 752 3472 tantum
797 3414 1116 3494 scriptores
1163 3424 1225 3475 et
1266 3412 1509 3494 quidem
1537 3434 1673 3475 raro
1705 3416 1962 3476 inveniri
1978 3411 2045 3496 4),
2094 3415 2257 3499 apud
2288 3417 2553 3480 Graecos

313 3501 510 3562 solum
553 3500 717 3582 apud
764 3502 1033 3564 Priscum
1078 3503 1355 3564 Panitem
1401 3502 1496 3585 (fr.
1548 3504 1619 3585 8,
1665 3503 1844 3566 FHG
1887 3507 1947 3579 4,
1997 3526 2054 3585 p.
2105 3504 2236 3590 78).
2332 3506 2553 3569 Contra

311 3590 720 3667 Ptolemaeus,
785 3592 1070 3666 Hierocl„
1124 3593 1377 3674 Eutrop.
1425 3603 1486 3653 et
1529 3594 1637 3669 illi,
1688 3614 1836 3673 quos
1883 3593 1945 3656 C.
1992 3595 2211 3655 Mffller
2257 3593 2347 3679 (p.
2397 3597 2552 3676 483)

315 3681 508 3755 affert,
559 3701 692 3742 eam
722 3680 1076 3765 sardicam,
1125 3678 1442 3761 Σαρὸικὴν
1473 3683 1802 3764 appellant.
1874 3683 2051 3760 Quod
2097 3706 2219 3745 non
2248 3687 2422 3747 aliter
2452 3706 2551 3746 ex—

312 3771 518 3853 plices,
579 3772 697 3831 nisi
750 3781 927 3852 putes
973 3770 1235 3833 Graecos
1289 3774 1606 3853 scriptores
1659 3769 1971 3842 Sardibus
2016 3774 2247 3854 Lydiae
2302 3777 2553 3837 nominis

313 3862 565 3922 formam
609 3861 984 3923 assimilasse.

500 4090 543 4161 ¹)
582 4089 735 4146 Idem
782 4094 842 4146 et
884 4090 1007 4160 ipse
1044 4089 1383 4146 Aristarchis
1429 4089 1654 4147 videtur
1699 4091 1926 4162 sentire,
1974 4108 2097 4150 cum
2132 4111 2184 4164 Ρ.
2217 4097 2283 4150 14
2320 4094 2553 4168 Κωμαρ-

316 4160 523 4228 χοῦντα
560 4177 682 4217 cum
720 4163 1072 4233 ἱερομνάμονι
1108 4162 1431 4224 Βυζαντίων
1469 4163 1740 4220 conferat.

501 4231 547 4302 ⁹)
584 4232 1019 4302 Vereinswesen,
1056 4250 1108 4303 Ρ.
1139 4236 1258 4302 167,
1296 4235 1367 4290 cf.
1395 4241 1579 4290 tamen
1616 4252 1667 4305 Ρ.
1697 4240 1782 4293 96.

504 4303 547 4375 ⁸)
584 4302 950 4373 Kornemann,
988 4305 1072 4361 De
1111 4322 1156 4360 c.
1193 4305 1258 4361 R.
1299 4304 1355 4361 in
1394 4305 1625 4375 imperio
1664 4307 2112 4379 consistentibus,
2150 4326 2201 4379 Ρ.
2230 4312 2314 4378 64,
2353 4308 2477 4366 adn.
2505 4314 2555 4368 7.

321 4374 602 4445 Schulten,
640 4375 724 4433 De
761 4382 1012 4433 convent.
1052 4377 1154 4433 civ.
1194 4376 1353 4434 Rom.
1390 4394 1441 4447 Ρ.
1470 4380 1539 4432 96
1575 4377 1701 4440 adn.

501 4447 753 4504 Ammian
793 4450 878 4515 16,
916 4449 968 4517 8,
1009 4452 1067 4518 1;
1106 4452 1190 4517 21,
1233 4451 1315 4518 10,
1354 4453 1413 4521 3;
1452 4451 1538 4519 31,
1578 4451 1665 4521 16,
1706 4455 1753 4508 2.
1821 4452 2077 4523 Excerpt.
2103 4452 2288 4509 Vales.
2325 4454 2360 4509 8
2386 4459 2446 4510 et
2472 4457 2556 4511 19.

321 4517 460 4576 Tab.
500 4519 692 4592 Peut.;
731 4518 966 4577 Sertica.
1039 4520 1366 4581 Itineraria:
1405 4520 1654 4579 Serdica.
1728 4522 1866 4582 Rav.
1906 4523 2136 4592 Sertioa,
2176 4523 2424 4585 Serdica.
