3200 5217
1235 545 1679 606 ...21-

338 724 553 797 τείχισε
598 717 710 783 τὸν
755 717 984 796 ἰσθμὸν
1046 729 1151 802 τῆς
1216 720 1644 803 Χερσονήσου.
1668 770 1681 784 .
1708 774 1719 787 .
1744 770 1758 784 .
1824 725 1928 788 ἵνα
1988 721 2071 803 μὴ
2135 723 2337 803 ἔχοιεν
2382 727 2574 804 σφέας

339 812 401 872 οἱ
446 816 764 887 Ama-9202,
813 820 926 874 etc.
1021 813 1111 874 Cf.
1161 833 1210 877 c.
1262 813 1343 874 37
1395 823 1456 875 et
1498 814 1603 876 lib.
1658 815 1717 888 9,
1772 816 1918 876 119.

517 900 699 963 Unde
764 911 1016 983 apparet
1083 902 1442 983 Corpilicam
1508 905 1818 983 regionem
1885 904 2074 965 fuisse
2139 905 2306 966 illam
2316 954 2332 987 ,
2415 926 2573 987 quae

334 989 542 1051 Hebro
609 991 854 1052 flumine
923 991 1003 1051 ab
1071 992 1409 1068 occidente,
1480 995 1733 1054 termino
1803 992 2159 1056 Chersonesi
2226 1015 2265 1055 a
2323 994 2572 1057 meridie

333 1080 671 1141 finiebatur.

513 1165 736 1250 Corpili
751 1215 766 1244 ,
822 1178 1068 1232 auctore
1120 1172 1273 1236 Plin.
1323 1175 1392 1249 4,
1452 1175 1566 1246 41,
1637 1169 1881 1252 Odrysis
1926 1173 2274 1235 accolebant
2282 1193 2301 1252 ς
2364 1175 2573 1255 itaque

335 1261 507 1337 regio
576 1259 873 1341 Corpilica
947 1281 985 1320 a
1050 1263 1457 1342 septentrione
1534 1281 1684 1340 agro
1762 1262 1902 1322 olim
1969 1261 2335 1343 Odrysarum
2410 1272 2571 1325 recte

335 1348 630 1422 definitur,
682 1369 895 1428 agrum
942 1370 1086 1410 vero
1132 1351 1300 1412 illum
1348 1371 1386 1411 a
1432 1351 1724 1430 strategis.
1763 1352 2036 1413 Beunica
2081 1353 2570 1430 comprehensum

332 1458 462 1499 esse
529 1440 689 1499 infra
749 1460 1118 1521 exponemus
1184 1440 1270 1525 (p.
1318 1439 1451 1524 22).
1553 1441 1652 1501 Ab
1714 1441 1945 1502 oriente
2005 1441 2266 1524 denique
2330 1443 2569 1505 videtur

332 1528 630 1609 Corpilica
676 1550 712 1589 a
763 1529 1022 1590 Caenica
1065 1530 1236 1591 finita
1280 1550 1413 1591 esse
1463 1528 1565 1613 (cf.
1613 1526 1817 1612 infra).

509 1619 722 1700 Itaque
784 1616 860 1680 τά
908 1624 1250 1697 Κορπίλων
1311 1617 1493 1681 στενά
1556 1617 1658 1702 (cf.
1715 1618 1924 1702 supra)
1988 1622 2053 1679 in
2099 1629 2299 1681 monte
2345 1642 2569 1702 ponen-

333 1705 410 1767 da
473 1717 643 1784 sunt,
709 1710 812 1789 qui
874 1707 953 1769 ad
1012 1710 1313 1773 Melanem
1377 1711 1584 1772 Sinum
1646 1728 1829 1790 supra
1886 1708 2166 1791 Cypasim
2229 1719 2288 1771 et
2334 1711 2570 1794 Aphro·

333 1795 563 1857 disiada
609 1808 718 1874 est,
768 1819 890 1859 non
934 1800 1090 1860 inter
1134 1798 1487 1881 Rhodopam
1534 1808 1594 1859 et
1638 1800 1931 1859 Ismarum
1974 1809 2257 1880 montem,
2305 1809 2376 1861 ut
2420 1802 2565 1862 Kie-

331 1896 532 1962 pertus
548 1885 596 1967 ¹)
643 1897 707 1948 et
734 1888 1005 1949 Tafelius
1017 1888 1089 1968 2).
1168 1889 1355 1951 Nulla
1400 1890 1558 1950 enim
1606 1890 1944 1949 testimonia
1975 1891 2200 1965 inveni,
2237 1910 2396 1971 quae
2429 1891 2569 1951 huic

333 1979 669 2038 sententiae
713 1979 978 2040 faveant.

420 2152 521 2222 X.
569 2149 916 2224 Caenica.

509 2263 661 2325 Plin.
712 2269 771 2341 4,
806 2267 918 2328 41:
967 2263 1332 2345 Odrysarum
1379 2285 1530 2343 geus
1577 2263 1775 2325 fundit
1820 2264 2111 2339 Hebrum,
2160 2265 2566 2328 accolentibus

332 2398 347 2415 .
383 2402 396 2415 .
430 2352 722 2414 Caenicis.
829 2355 961 2419 Liv.
1025 2356 1142 2428 38,
1207 2355 1320 2415 40:
1401 2356 1552 2415 Astii
1624 2364 1682 2415 et
1761 2353 1968 2415 Caeni.
2076 2354 2235 2419 Plin.
2311 2358 2381 2437 4,
2446 2358 2565 2418 472

332 2443 525 2521 Regio
573 2443 861 2518 Caenica,
927 2444 1164 2504 colonia
1207 2444 1598 2525 Flaviopolis,
1647 2443 1756 2504 ubi
1802 2453 1982 2504 antea
2036 2442 2220 2505 Caela
2280 2443 2565 2528 oppidum

335 2532 682 2594 vocabatur.
762 2534 841 2593 Et
869 2554 907 2593 a
938 2534 1120 2613 Bizye
1151 2533 1203 2593 L
1234 2555 1295 2615 p.
1330 2534 1525 2615 Apros
1571 2532 1801 2594 colonia
1834 2582 1847 2595 .
1883 2582 1895 2595 .
1933 2585 1947 2600 .
1988 2534 2075 2594 At
2118 2535 2183 2593 in
2228 2555 2329 2594 ora
2377 2536 2567 2600 amnis

329 2623 614 2700 Erginus,
664 2621 949 2708 oppidum
994 2623 1111 2683 fuit
1155 2621 1379 2691 Ganos,
1456 2623 1770 2684 Deseritur
1816 2631 1876 2684 et
1914 2622 2291 2703 Lysimachia
2336 2625 2455 2684 iam
2501 2626 2564 2685 in

330 2711 721 2786 Chersoneso,
769 2721 882 2773 etc.
900 2709 971 2791 ⁸).

507 2801 765 2863 Videtur
793 2803 982 2882 igitur
1013 2804 1304 2882 strategia
1336 2802 1595 2863 Caenica
1636 2802 1778 2863 litus
1811 2800 2191 2882 Propontidis
2224 2823 2260 2862 a
2290 2801 2565 2865 Perinthi

329 2892 549 2952 vicinia
609 2912 803 2973 usque
864 2890 942 2952 ad
998 2891 1349 2954 Chersonesi
1404 2893 1722 2953 terminum
1778 2892 2092 2973 complexa
2155 2912 2314 2966 esse,
2359 2893 2565 2974 'atque

323 2982 390 3040 in
432 2979 885 3042 mediterraneis
933 2981 1045 3042 col.
1096 2980 1410 3044 Claudiam
1457 2987 1651 3064 Apros
1699 2990 1761 3041 et
1807 2981 1922 3042 col.
1968 2981 2373 3057 Flaviopolim
2393 2979 2469 3067 ⁴).

511 3138 554 3200 ¹)
591 3138 879 3194 Lehrbuch
915 3155 966 3209 p.
1005 3139 1111 3194 324
1149 3138 1271 3194 adn.
1311 3142 1347 3194 2
1382 3145 1443 3195 et
1477 3139 1536 3195 in
1572 3139 1785 3195 Atlant.
1826 3137 2059 3207 Antiqui
2096 3138 2209 3195 tab.
2249 3138 2342 3196 V.-

506 3209 549 3278 ς’)
588 3209 671 3265 De
707 3209 801 3265 via
836 3209 1085 3280 Egnatia
1121 3227 1175 3280 p.
1215 3212 1300 3265 34.

510 3281 552 3351 ⁸)
589 3281 846 3337 Editores
906 3287 1036 3352 post
1090 3282 1318 3338 verbum
1377 3281 1762 3337 hirundinibus
1818 3287 2089 3337 commate
2143 3281 2560 3351 interpungunt.

328 3352 466 3408 Mihi
520 3368 654 3409 vero
711 3354 933 3410 videtur
986 3353 1114 3410 inde
1168 3370 1315 3410 nova
1369 3354 1650 3411 sententia
1698 3353 1968 3410 exordiri:
2025 3358 2149 3410 tota
2196 3354 2563 3423 praecedente

328 3423 682 3550 paragrapho
720 3424 1050 3482 describitur
1086 3426 1237 3498 ναοῖο
1275 3426 1492 3493 Astica,
1544 3424 1796 3498 sequitur
1831 3425 1942 3484 iam
1981 3424 2283 3495 descriptio
2321 3425 2563 3497 reqionis

373 3513 613 3553 aenaeae.

506 3567 551 3639 ⁴)
591 3568 764 3637 Quam
792 3567 1061 3624 coloniam
1093 3584 1350 3637 umquam
1377 3568 1662 3624 exstitisse
1688 3567 2059 3623 Mommsenus
2086 3568 2263 3638 (Rom.
2287 3567 2481 3624 Gesch.
2510 3569 2560 3637 5,

325 3642 426 3694 281
446 3682 459 3707 ‚
495 3639 619 3696 adn.
659 3642 717 3710 2)
774 3647 962 3710 negat,
1019 3644 1078 3695 et
1129 3640 1269 3697 nihil
1324 3638 1474 3696 aliud
1520 3640 1613 3695 hic
1659 3640 1837 3696 latere
1873 3645 2053 3710 putat,
2116 3655 2281 3707 quam
2318 3638 2560 3709 Coelam,

328 3711 590 3781 oppidum
627 3710 971 3769 Chersonesi.

511 3785 589 3838 Ac
645 3783 861 3851 quidem
896 3783 1066 3839 Plinii
1118 3782 1254 3840 fides
1304 3788 1456 3839 certe
1510 3788 1672 3840 tanta
1719 3799 1828 3839 non
1886 3788 1988 3851 est,
2039 3787 2103 3837 ut
2150 3787 2390 3853 negetur
2435 3798 2560 3839 eum

327 3855 576 3911 fortasse
603 3854 671 3911 de
695 3854 1007 3930 Flaviopoli
1031 3855 1320 3911 erravisse.
1384 3855 1595 3911 Tamen
1622 3853 1791 3911 Coela
1817 3854 2144 3910 Chersonesi
2178 3854 2248 3910 sb
2274 3853 2558 3910 Hadriano

310 3925 554 3982 ¹condita
573 3933 662 3982 est
678 3942 856 3995 neque
875 3932 1099 3983 constat
1117 3927 1194 3982 ibi
1216 3932 1384 3982 antea
1407 3927 1665 3995 oppidum
1678 3925 1901 3982 Coelsm
1922 3925 2208 3982 exstitisse
2227 3930 2558 3994 tantumque

321 4003 522 4070 portus
577 3996 773 4054 Caelus
817 3997 876 4054 in
927 4015 1024 4054 ora
1072 3997 1402 4059 Chersonesi
1449 3998 1782 4054 occidentali
1828 4001 2299 4053 commemoratur.
2375 3996 2559 4063 Quare

326 4086 437 4126 non
472 4068 698 4127 videtur
724 4070 935 4127 Plinius
969 4071 1124 4128 illam
1149 4070 1371 4125 Coelam
1397 4069 1454 4124 in
1479 4075 1665 4125 mente
1690 4069 1951 4128 habuisse
1975 4084 2154 4138 neque
2178 4068 2557 4130 testimonium

333 4141 451 4198 eins
505 4157 733 4211 prorsus
780 4141 1115 4199 reiciendum
1165 4158 1303 4199 esse.
1390 4140 1532 4196 Cur!
1546 4140 1692 4197 enim
1737 4157 1846 4197 non
1893 4145 2156 4211 poterant
2203 4140 2310 4195 duo
2358 4139 2560 4210 oppida

330 4212 532 4269 Coelae
569 4214 788 4270 nomine
815 4212 1115 4283 exstitisse,
1152 4214 1298 4270 sicut
1324 4212 1463 4272 duae
1487 4211 1868 4281 Mesembriae,
1906 4212 2048 4268 duae
2073 4210 2400 4281 Nicopoles?
2448 4212 2560 4268 Cur

328 4283 562 4353 denique
614 4301 723 4341 non
761 4285 923 4340 huius
972 4285 1073 4343 col.
1115 4284 1447 4356 Flaviopolis
1494 4284 1572 4344 sit
1608 4285 1703 4342 ille
1749 4284 1948 4339 titulus
1997 4282 2115 4340 CIL
2152 4286 2203 4351 3,
2242 4286 2364 4349 727,
2410 4283 2559 4342 inter

331 4355 564 4410 Choram
603 4362 662 4412 et
698 4355 1082 4416 Heraklitzam
1121 4373 1180 4412 re
1219 4354 1411 4412 ert-us?
1482 4353 1588 4426 (De
1625 4356 1850 4414 consule
1893 4353 2123 4411 Volusio
2162 4353 2452 4410 Saturnino
2498 4354 2555 4412 in

325 4428 517 4484 eodem
553 4434 973 4484 commemorato
1010 4428 1137 4486 vide
1230 4433 1417 4484 umont
1452 4444 1505 4497 p.
1531 4430 1638 4486 422
1676 4435 1737 4486 et
1772 4425 2082 4484 Wilmanns
2121 4425 2295 4496 2876).

513 4497 826 4556 Retinenda
860 4499 1038 4573 igitur
1075 4500 1174 4558 col.
1213 4498 1551 4571 Flaviopolis
1588 4500 1721 4558 mihi
1759 4498 1977 4574 quidem
2013 4497 2247 4556 videtur.
