3200 5217
1226 545 1313 566 ...-
1406 476 1669 579 ιγ’...

330 691 649 760 Neminem
700 694 857 760 enim
902 697 1083 774 fugit,
1132 717 1350 758 nomen
1392 696 1781 768 Usdioensi&
1831 693 1990 775 quod
2028 693 2093 754 in
2122 688 2295 756 titulo
2326 689 2569 775 legitur,

328 786 408 847 ad
452 781 909 865 Οὐσὸικησικήν
954 786 1283 848 Ptolemaei
1341 807 1463 848 non
1520 785 1836 865 quadrare.
1929 785 2190 847 Necesse
2246 786 2435 863 igitur
2479 793 2572 846 est

329 886 436 937 aut
463 879 529 937 in
554 877 734 937 titulo
776 874 1157 937 scribendum
1199 876 1381 937 fuisse
1421 875 1919 943 Usdieesioensis
1966 872 2063 957 (ut
2092 895 2273 955 supra
2301 874 2567 948 Serdica,

330 965 728 1046 serdicensis)
778 976 884 1027 aut
915 964 1078 1046 apud
1108 966 1518 1026 Ptolemaeum
1566 986 1674 1045 pro
1722 959 2087 1042 Οὐδικησική
2133 963 2572 1028 emendandum

329 1076 468 1118 esse
512 1050 780 1133 Οὐσὸική
801 1052 888 1138 1);
939 1075 1194 1135 quorum
1224 1055 1375 1116 illud
1420 1055 1609 1115 multo
1656 1054 2026 1136 probabilius
2069 1064 2176 1117 est.
2248 1054 2401 1115 Nam
2437 1074 2568 1116 cum

330 1146 602 1226 reliquae
652 1146 981 1224 strategiae
1012 1164 1048 1204 a
1080 1145 1362 1223 gentibus
1408 1165 1655 1225 prorsus
1700 1163 1916 1205 nomen
1957 1143 2256 1218 duxerint,
2300 1146 2571 1224 sequitur

328 1244 399 1296 ut
438 1234 791 1298 Usdicesica
836 1255 872 1294 a
918 1244 1103 1313 gente
1151 1234 1410 1315 quadam
1465 1234 1779 1302 Usdicesii
1824 1235 2061 1294 nomine
2106 1234 2411 1314 appellata
2457 1235 2567 1310 sit3

337 1334 552 1402 gentes
626 1334 826 1385 autem
880 1324 1212 1385 Thracicae
1230 1372 1245 1403 ,
1325 1343 1577 1404 quarum
1640 1324 1884 1385 nomina
1951 1324 2572 1391 terminationem-agii

327 1414 672 1495 (vel-ensii)
718 1414 1031 1487 exhibent,
1093 1435 1296 1476 omnes
1341 1417 1403 1473 in
1450 1415 1694 1475 Moesiis
1738 1413 2106 1474 collocantur
2121 1409 2188 1492 ⁹).

516 1502 697 1566 Unde
727 1524 845 1565 non
879 1503 1273 1566 dubitandum
1300 1523 1431 1564 esse
1455 1502 1711 1585 videtur,
1740 1504 1888 1584 quin
1910 1502 2257 1564 Usdicesica
2280 1504 2570 1581 strategia

328 1614 546 1654 nomen
616 1595 840 1673 ceperit
910 1613 946 1653 a
1002 1603 1186 1671 gente
1259 1593 1572 1660 Uadicesii
1588 1639 1605 1668 ‚
1694 1595 1799 1673 qui
1858 1594 1924 1654 in
1991 1594 2265 1673 utrisque
2325 1592 2566 1653 declivi-

332 1683 563 1744 tatibns
607 1683 826 1745 Haemi
872 1684 1030 1743 circa
1075 1686 1223 1763 iuga
1270 1702 1430 1764 quae
1475 1682 1654 1744 hodie
1694 1682 1962 1764 Schipka
2006 1693 2293 1743 vocantur
2339 1682 2567 1743 habita-

330 1775 542 1837 verint.

418 1928 546 2001 IV.
606 1926 985 2000 Selletica.

504 2042 695 2102 Ptol.:
744 2038 1103 2120 Σελλητικὴ.
1182 2042 1465 2117 Dumont‚
1500 2063 1558 2122 p.
1590 2042 1740 2112 317,
1774 2039 1886 2116 Q¹:
1928 2043 2274 2119 Σηλητικῆς
2305 2034 2562 2120 ὀρεινῆς.

507 2132 740 2193 Ultima
772 2151 958 2212 prope
988 2131 1288 2191 Haemum
1321 2139 1449 2191 erat
1481 2131 1769 2191 orientem
1802 2149 2028 2209 versus,
2078 2131 2162 2189 ita
2193 2140 2260 2189 ut
2291 2127 2566 2190 videatur

327 2241 520 2301 usque
579 2219 656 2281 ad
720 2222 894 2281 Ponti
954 2221 1182 2281 Euxini
1237 2221 1415 2281 litora
1469 2221 1856 2301 pertinuisse,
1920 2220 2348 2299 regionemque
2410 2221 2565 2295 circa

331 2310 686 2371 Anchialum
734 2310 1011 2391 amplexa
1058 2331 1207 2376 esse.
1299 2309 1448 2371 Cum
1495 2318 1699 2370 autem
1744 2311 1978 2370 vicinae
2021 2308 2200 2369 urbes
2246 2305 2566 2389 Apollonia

329 2410 389 2460 et
457 2399 745 2460 Deultum
813 2402 878 2459 in
944 2401 1153 2461 Astica
1220 2401 1468 2479 regione
1536 2400 1789 2460 iacuisse
1859 2396 2175 2462 tradantur
2241 2399 2344 2478 (cf.
2407 2398 2563 2458 infra

327 2511 388 2569 p.
425 2490 567 2573 24),
631 2490 827 2550 sinum
874 2490 1334 2551 Anchialensem
1392 2510 1513 2550 non
1568 2498 1768 2570 potest
1819 2489 1934 2550 nisi
1991 2508 2067 2549 ex
2114 2496 2283 2569 parte
2329 2497 2560 2550 tantum

332 2577 856 2659 comprehendisse
901 2581 1189 2658 strategis
1235 2579 1532 2640 Selletica.

509 2669 603 2729 De
671 2669 908 2730 Sel-letis
977 2678 1157 2748 gente
1226 2669 1488 2728 Thracia
1554 2668 1706 2728 nihil
1776 2676 2022 2729 constat.
2122 2666 2397 2736 Sialetae
2462 2666 2563 2727 vel

335 2754 611 2826 Staletae
695 2768 1228 2819 commemorantur
1311 2756 1471 2838 apud
1561 2758 1824 2817 Plinium
1906 2759 1975 2833 4,
2061 2758 2166 2816 41.
2279 2756 2367 2819 Cf.
2446 2757 2562 2817 Dio

331 2846 492 2908 Cass.
560 2849 676 2923 54,
728 2850 844 2908 34:
909 2849 966 2908 οἱ
1012 2847 1300 2909 Σιαλέται
1358 2845 1471 2926 τὴν
1531 2849 1928 2907 Μακεδονίαν
1980 2841 2425 2923 ἐκακούργουν.
2481 2880 2553 2891 -

328 2936 508 2998 Unde
555 2935 621 2998 C.
671 2937 958 2997 Miillerus
1021 2938 1251 3017 colligit
1298 2937 1553 2999 Sialetas
1600 2934 1765 2996 haud
1820 2936 2001 3014 longe
2061 2956 2098 2994 a
2159 2936 2417 2996 Priantis
2464 2935 2562 2994 vel

330 3025 550 3108 oppido
584 3027 910 3095 Brendice
958 3026 1146 3108 (quod
1190 3029 1254 3087 in
1299 3027 1632 3088 Itinerariis
1678 3044 1866 3106 prope
1905 3026 2250 3088 Maroneam
2294 3023 2559 3106 ponitur)

328 3135 537 3176 versus
585 3125 777 3176 ortum
823 3117 1148 3178 habitasse.
1217 3116 1434 3197 Neque
1483 3114 1726 3197 quidem
1757 3135 1931 3195 nego,
1982 3135 2060 3174 ex
2104 3115 2314 3173 Dionis
2358 3114 2559 3173 verbis

330 3207 622 3287 suspicari
667 3214 728 3266 te
774 3225 965 3287 posse,
1015 3206 1272 3267 Sialetas
1317 3207 1382 3265 in
1428 3206 1696 3267 confiniis
1742 3204 2037 3265 Thraciae
2082 3212 2145 3263 et
2174 3200 2561 3263 Macedoniae

327 3295 504 3356 sedes
566 3295 868 3358 habuisse.
962 3296 1056 3356 Ibi
1114 3305 1314 3355 tamen
1373 3304 1433 3356 et
1492 3296 1555 3355 in
1618 3297 1892 3373 regione,
1955 3294 2062 3354 ubi
2107 3292 2395 3354 Miillerus
2459 3312 2560 3353 eos

327 3379 620 3446 collocare
662 3386 825 3461 vult,
892 3385 1041 3446 alias
1087 3386 1404 3463 strategias
1449 3386 1632 3448 fuisse
1677 3394 1839 3446 certa
1883 3366 2102 3444 ind'icia
2147 3390 2444 3468 arguunt,
2492 3390 2560 3442 ut

325 3476 483 3535 infra
529 3474 947 3536 demonstrabo
995 3476 1095 3553 (cf.
1139 3475 1252 3534 sub
1299 3474 1599 3548 Maedica,
1650 3474 1925 3555 Drosica,
1975 3472 2304 3547 Coeletica,
2354 3471 2557 3551 Corpi-

322 3565 460 3646 lica,
511 3562 811 3648 Sapaica).

508 3655 700 3734 Atqui
767 3655 816 3714 si
908 3653 1285 3715 concedimus
1306 3699 1322 3728 ,
1407 3654 1759 3732 strategiam
1822 3652 2160 3713 Selleticam
2221 3663 2258 3709 a·
2318 3651 2558 3711 Sialetis

324 3763 542 3805 nomen
574 3743 818 3805 duxisse
860 3743 945 3822 (id
978 3741 1140 3823 quod
1171 3764 1385 3824 parum
1417 3743 1690 3824 constat),
1741 3762 1863 3802 non
1892 3740 2172 3802 videntur
2200 3740 2558 3800 Sialetarum

322 3833 498 3894 sedes
543 3835 876 3894 necessario
924 3834 985 3893 in
1019 3833 1319 3894 Thraciae
1364 3832 1738 3894 meridionali
1785 3841 1956 3912 parte
1988 3829 2373 3891 collocandae
2404 3848 2554 3888 esse.

324 3924 559 3983 Plinius
608 3924 765 3983 enim
811 3922 956 3982 dicit
986 3921 1248 4002 Odrysas
1294 3924 1355 3982 in
1397 3923 1557 3982 valle
1588 3922 1778 3981 Hebri
1809 3921 2102 3994 habitare,
2153 3919 2557 3978 accolentibus

325 4014 390 4095 (i.
427 4034 477 4075 e.
525 4015 743 4073 circum
793 4033 893 4073 eos
939 4014 1003 4070 in
1048 4011 1460 4072 adiacentibus
1506 4008 1881 4093 regionibus)
1930 4008 2235 4089 Cabyletis
2253 4004 2328 4091 3),
2375 4009 2556 4086 Pyro·

505 4259 546 4330 ²)
586 4258 669 4314 of.
710 4257 858 4314 codd.
902 4257 1191 4313 nonnullos
1228 4257 1400 4313 Ptol.:
1442 4253 1751 4322 Οὐσουὸική,
1791 4254 2028 4311 Usidica.
2114 4325 2127 4338 ·
2213 4324 2225 4338 .
2398 4322 2432 4337 ..

505 4330 552 4400 ²)
585 4330 972 4399 Tricornensii,
988 4328 1242 4399 Picensii‚
1260 4327 1522 4398 Oetensii,
1539 4327 1837 4396 Obulensii,
1853 4326 2148 4395 Demensi1,
2162 4326 2435 4381 Piarensn
2448 4328 2555 4380 etc.

320 4402 464 4461 Vide
497 4402 732 4459 Ptolem.
772 4403 858 4470 3,9
897 4409 956 4458 et
994 4403 1075 4457 10.

507 4474 550 4548 ⁸)
589 4474 810 4546 Cabyle‚
849 4475 916 4532 ab
954 4472 1183 4542 Odrysis
1219 4487 1415 4528 versus
1452 4469 1873 4541 septentriones.
