3200 5217
1267 516 1713 598 049-

544 695 727 760 Haud
759 708 937 774 recte,
988 709 1058 760 ut
1090 701 1321 780 opinor,
1369 700 1649 762 Homolle
1696 700 1779 781 (p.
1815 697 1973 784 523)
2021 696 2098 762 de
2141 697 2444 782 legatione
2478 699 2608 765 eius

358 790 435 848 in
464 789 726 850 Thracia
771 787 1101 866 dubitavit3
1149 809 1350 870 neque
1381 791 1538 850 enim
1569 790 1864 870 intelligo,
1912 810 2032 870 quo
2063 791 2182 852 alio
2212 791 2389 853 modo
2420 793 2610 854 verba

357 879 480 965 leq.
525 878 690 965 Auq.
736 880 802 939 in
861 878 1034 940 titulo
1094 878 1198 940 illo
1259 879 1491 940 urbano
1550 878 1901 960 accipienda
1962 881 2100 941 sint.
2192 881 2351 943 Nam
2411 902 2609 963 neque

356 965 727 1029 Germaniae
784 969 1111 1048 superioris
1170 968 1412 1047 legatus
1472 967 1608 1053 (ubi
1669 978 1798 1030 tum
1857 965 2017 1049 legio
2078 970 2234 1032 VIII
2295 970 2605 1053 tendebat)

357 1068 603 1137 poterat
670 1057 963 1119 coloniam
1025 1066 1445 1119 veteranorum
1505 1060 1568 1119 in
1630 1058 1952 1120 Thraciam
2013 1058 2338 1136 deducere,
2411 1081 2609 1142 neque

364 1147 744 1226 probabilius
786 1157 893 1226 est,
940 1146 1209 1227 legatum
1256 1148 1512 1227 legionis
1558 1150 1782 1208 stativa
1812 1148 2068 1227 legionis
2098 1169 2243 1211 suae
2273 1150 2607 1231 reliquisse,

367 1245 441 1296 ut
488 1239 619 1299 300
664 1245 980 1298 veteranos
1026 1240 1088 1298 in
1135 1238 1424 1298 coloniam
1473 1236 1777 1319 quandam
1822 1238 2117 1300 Thraciae
2164 1240 2500 1301 collocaret,

547 1326 910 1388 Consulatus
955 1328 1084 1388 eius
1130 1347 1252 1388 non
1296 1326 1569 1390 traditur.
1663 1328 1854 1389 Filius
1898 1337 1969 1389 ut
2013 1328 2255 1390 videtur
2300 1331 2429 1390 eius
2473 1349 2608 1410 pro·

369 1416 581 1477 consul
625 1417 805 1477 Asiae
849 1417 964 1477 fuit
1008 1416 1122 1477 suh
1152 1415 1482 1481 Hadriano.
1553 1416 1641 1482 Cf.
1675 1416 2109 1497 Waddington,
2156 1419 2367 1481 Fastes
2400 1422 2610 1480 Asiati-

365 1525 517 1586 ques
561 1527 622 1570 n.
663 1506 807 1582 130,
856 1507 961 1586 qui
992 1516 1193 1567 tamen
1221 1526 1537 1587 perperam
1567 1507 1808 1568 titulum
1839 1505 1973 1569 CIL
2006 1510 2067 1583 3,
2117 1508 2245 1571 355
2278 1511 2335 1569 ei
2365 1511 2603 1586 tribuit3

365 1594 444 1658 cf.
492 1593 695 1660 adnot.
742 1595 1095 1657 Mommseni
1140 1595 1218 1656 ad
1263 1596 1426 1657 hunc
1470 1596 1728 1659 titulum.

546 1683 702 1746 Vide
749 1687 931 1746 etiam
976 1685 1323 1760 Mommsen,
1370 1684 1565 1747 Index
1609 1685 1763 1747 Plin.
1811 1685 2160 1762 Liebenam,
2210 1710 2272 1769 p.
2324 1690 2427 1751 92.

461 1842 530 1911 2.
622 1841 706 1914 P.
771 1841 1171 1913 luventius
1234 1839 1501 1914 Celsus
1559 1840 1805 1912 Titius
1860 1841 2215 1914 Aufidius
2270 1844 2608 1916 Hoenius

367 1948 855 2021 Severianus.
947 1953 1092 2019 Sub.
1138 1953 1403 2014 Traiano
1448 1955 1608 2014 inter
1652 1974 1705 2014 a.
1760 1955 2125 2016 107-116,

546 2062 702 2124 Plin.
735 2062 925 2143 Epist.
959 2063 1020 2135 6,
1057 2067 1116 2136 5,
1165 2064 1225 2123 4.
1305 2061 1419 2121 Dio
1460 2059 1627 2123 Cass.
1664 2061 1769 2141 67,
1824 2063 1922 2124 13.
2003 2061 2123 2126 Vit.
2155 2059 2470 2135 Hadriani,
2512 2064 2608 2125 18.

365 2152 596 2229 Digest.
641 2155 695 2227 1,
747 2153 807 2225 2,
858 2153 919 2231 2,
971 2152 1082 2227 533
1133 2152 1194 2225 5,
1244 2152 1305 2223 3,
1356 2152 1461 2226 20,
1511 2150 1572 2213 6.
1608 2185 1693 2195 -
1725 2149 1857 2211 CIL
1904 2152 1964 2225 6,
2016 2151 2161 2212 527.
2197 2187 2281 2197 --
2317 2151 2609 2226 Mionnet,

365 2241 574 2322 Suppl.
611 2245 671 2326 2,
720 2261 781 2321 p.
817 2241 966 2314 401,
998 2262 1060 2304 n.
1101 2241 1290 2302 1187.
1367 2239 1891 2314 lmhoof·Blumer,
1932 2240 2136 2303 Monn.
2172 2261 2374 2320 grecq.
2409 2262 2471 2321 p.
2507 2243 2608 2306 44.

366 2327 457 2394 Of.
491 2332 838 2405 Mommsen,
871 2328 1002 2394 Ind.
1034 2329 1190 2394 Plin.
1226 2338 1287 2390 et
1316 2329 1590 2405 Hermes,
1644 2330 1702 2403 3,
1753 2333 1856 2390 49.
1928 2328 2220 2408 Borghesi
2254 2334 2313 2404 3,
2350 2332 2507 2411 2753
2546 2331 2606 2402 8,

367 2421 518 2483 449.
590 2418 948 2502 Marquardt
981 2423 1039 2502 1,
1076 2423 1225 2481 314.
1302 2418 1653 2493 Liebenam,
1700 2440 1761 2499 p.
1799 2418 1944 2483 390.
2019 2418 2317 2494 Homolle,
2365 2441 2426 2500 p.
2461 2422 2607 2485 523.

456 2579 525 2649 3.
579 2577 661 2662 Q.
711 2576 1089 2649 Servilius
1135 2575 1459 2649 Pudens.
1552 2584 1712 2642 Ante
1760 2601 1814 2645 a.
1871 2582 2014 2646 113.

544 2690 719 2751 AEM
780 2691 889 2765 10,
946 2710 1003 2771 p.
1061 2691 1178 2764 86,
1244 2690 1357 2763 87,
1423 2690 1546 2752 241
1610 2717 1695 2741 =
1749 2688 2035 2761 Dumont,
2083 2710 2145 2769 p.
2196 2691 2345 2750 313.
2448 2690 2604 2752 Plin.

364 2780 558 2860 Epist.
606 2778 684 2840 ad
729 2779 900 2843 Trai.
951 2780 1053 2843 25.
1148 2777 1239 2842 Cf.
1287 2779 1639 2853 Mommsen,
1684 2777 1937 2839 Hermes
1987 2779 2046 2857 3,
2099 2779 2202 2853 97,
2252 2777 2390 2842 adn.
2442 2782 2502 2842 2.

548 2870 623 2929 In
667 2870 862 2951 titulo,
912 2889 1092 2951 quem
1136 2869 1420 2949 praemisi
1474 2888 1692 2929 nomen
1743 2868 2115 2948 imperatoris
2168 2870 2364 2948 periit.
2472 2869 2607 2948 „In-

365 2960 651 3041 scription
703 2957 828 3019 tres
883 2958 1109 3037 rongee
1162 2978 1274 3038 par
1326 2957 1554 3034 l’eau;“
1626 2977 1830 3037 „nome
1887 2957 2103 3018 effaces
2159 2978 2237 3017 ou
2282 2958 2599 3019 marteles“

365 3044 730 3132 (Homolle).
822 3048 887 3110 Si
942 3050 1124 3127 igitur
1184 3068 1345 3128 aqua
1408 3047 1813 3108 oblitteratum
1865 3058 1954 3107 est
2010 3046 2096 3128 (id
2150 3046 2314 3127 quod
2368 3046 2606 3108 videtur

363 3139 590 3200 factum
657 3158 788 3202 esse
802 3184 817 3213 ,
883 3158 1017 3199 cum
1077 3145 1268 3198 totum
1329 3137 1565 3197 initium
1627 3136 1786 3197 tituli
1838 3137 1924 3197 ita
1977 3137 2226 3218 periisse
2288 3135 2603 3217 tradatur),

365 3227 690 3291 verisimile
734 3228 803 3288 fit
847 3226 1106 3289 eundem
1152 3247 1283 3287 esse
1326 3225 1663 3287 Pudentem
1709 3245 1781 3286 ac
1825 3225 2093 3303 legatum
2140 3247 2177 3286 a
2207 3227 2404 3287 Plinio
2451 3247 2605 3286 com-

365 3327 777 3380 memoratum.
868 3317 977 3379 Sin
996 3382 1002 3388 ,
1021 3325 1224 3378 autem
1270 3336 1508 3377 erasum
1553 3323 1644 3377 est
1686 3335 1936 3389 nomen,
2001 3317 2239 3377 omnino
2296 3314 2372 3376 ad
2426 3317 2606 3376 aliam

364 3416 624 3469 aetatem
669 3405 1035 3487 relegandus
1082 3415 1175 3467 est
1217 3415 1418 3466 noster
1461 3406 1720 3484 legatus.

543 3498 716 3558 Alter
760 3496 836 3572 Q.
885 3496 1176 3558 Servilius
1220 3493 1295 3571 Q.
1344 3495 1386 3554 f.
1435 3495 1583 3555 Hor.
1632 3493 1875 3555 Pudens
1936 3494 2144 3555 consul
2196 3494 2311 3555 fuit
2370 3515 2425 3555 a.
2480 3497 2602 3556 166

359 3586 521 3668 (CIL
567 3592 628 3666 8,
680 3588 883 3667 53453
948 3585 1082 3646 CIL
1129 3586 1190 3665 6,
1249 3586 1389 3659 165,
1441 3585 1598 3663 3603
1662 3582 2103 3648 lebas-wadel.
2153 3587 2213 3658 3,
2265 3588 2298 3643 1
2350 3606 2409 3645 n.
2457 3587 2602 3646 112.

348 3675 564 3753 Klein,
591 3676 1021 3737 VWBeamten
1051 3680 1107 3747 1,
1142 3695 1201 3755 p.
1236 3675 1358 3735 168
1386 3682 1768 3754 quaestorem
1793 3673 2032 3734 Siciliae
2061 3674 2246 3734 fuisse
2276 3672 2603 3756 exposuit).

346 3765 485 3828 -vix
528 3768 718 3845 igitur
760 3774 963 3847 potest
1005 3763 1164 3824 idem
1213 3784 1283 3824 ac
1326 3773 1530 3823 noster
1575 3763 1816 3841 legatus
1861 3763 2078 3843 fuisse,
2133 3761 2239 3823 sed
2284 3763 2443 3823 filius
2490 3763 2603 3823 for-

361 3866 523 3918 tasse
569 3857 697 3917 eius
742 3856 877 3915 fuit.

540 3945 631 4007 cf.
694 3947 875 4006 etiam
936 3943 1087 4020 Eph.
1150 3944 1264 4023 Ep.
1331 3945 1402 4016 5,
1477 3944 1605 4002 298
1670 3961 1803 4002 cum
1866 3941 2216 4001 Mommseni
2277 3939 2480 4003 adnot.
2544 3952 2606 4001 et

361 4035 655 4114 Borghesi
704 4040 763 4114 5,
812 4037 961 4098 371.

348 4227 355 4232 ,
448 4175 522 4246 4.
580 4174 671 4245 A
719 4173 1101 4246 Platorius
1148 4171 1238 4242 A.
1287 4171 1341 4240 f
1387 4169 1638 4258 Nepos
1685 4169 2027 4258 Aponius
2085 4168 2401 4240 Italicus
2456 4167 2601 4237 Ma-

360 4282 692 4353 nilianus
741 4279 822 4352 C.
867 4280 1206 4351 Licinius
1254 4277 1516 4348 Pollio.

1201 4371 1331 4434 Sub
1376 4370 1682 4433 Traiano?
1752 4380 1915 4432 certe
1968 4379 2111 4431 ante
2166 4388 2388 4429 annum
2419 4367 2483 4429 1
2500 4317 2596 4430 19.

537 4465 669 4527 CIL
702 4467 763 4547 5,
823 4466 948 4526 877
985 4492 1069 4517 =
1106 4462 1308 4523 wilm.
1340 4463 1535 4526 1173.
1617 4459 1750 4522 CIL
1784 4462 1843 4533 7,
1881 4461 2024 4521 660.
2096 4459 2229 4522 CIL
2262 4463 2321 4537 3,
2353 4479 2410 4537 p.
2448 4461 2596 4538 878,
