3200 5217
1549 470 1940 527 ...g-

805 648 1061 712 Videtur
1116 649 1305 727 igitur
1335 647 1696 708 Mesembria
1740 647 1805 706 in
1850 646 2104 706 confinio
2152 645 2450 707 Thraciae
2479 646 2872 726 Moesiaeque

626 741 888 801 iacuisse
909 736 959 824 ¹)
1010 749 1072 799 et
1116 742 1358 799 omnino
1402 738 1668 797 Moesiae
1713 736 1921 803 fuisse.

1581 949 1781 1030 Caput
1825 950 1905 1011 11.

1488 1053 2029 1144 Chersonesus.

803 1168 1237 1230 Chersonesum
1292 1166 1592 1226 Thraciae
1650 1185 1808 1246 quae
1867 1164 2080 1226 dicitur
2093 1166 2146 1246 2)
2209 1187 2449 1246 prorsus
2514 1187 2551 1225 a
2605 1166 2873 1226 Thracia

627 1259 938 1336 provincia
1002 1258 1273 1317 Romana
1336 1253 1672 1315 distinctam
1733 1256 1919 1315 fuisse
1979 1276 2013 1315 e
2076 1255 2473 1336 descriptione
2535 1256 2870 1316 Ptolemaei

626 1346 1029 1427 colligendum
1077 1366 1207 1406 esse
1252 1344 1514 1406 videtur.

800 1438 954 1498 Nam
984 1439 1044 1511 3,
1077 1439 1176 1512 11,
1211 1440 1264 1510 1,
1300 1435 1619 1494 Thraciam
1659 1434 1731 1511 τῇ
1755 1433 2045 1496 ἐντεῦθεν
2070 1429 2546 1513 ἀποτεμνομένῃ
2572 1431 2684 1513 τὴν
2711 1439 2870 1512 Χερ-

625 1525 894 1604 σόνησον
941 1526 1193 1605 γραμμῇ
1237 1524 1465 1584 finitam
1513 1544 1641 1584 esse
1687 1523 1857 1595 dicit3
1931 1525 1990 1598 3,
2033 1529 2132 1600 ll,
2169 1528 2205 1583 2
2255 1533 2746 1585 commemoratur
2794 1519 2868 1584 τὸ

625 1611 805 1693 ὅριον
863 1621 970 1692 τῆς
1027 1611 1430 1692 Χερσονήσου
1487 1610 1562 1674 τὸ
1628 1612 1696 1674 ἐν
1757 1613 1851 1695 τῷ
1917 1613 2154 1675 Μέλανι
2209 1611 2465 1695 noi-atqu
2528 1615 2587 1693 3,
2646 1616 2744 1692 11,
2795 1617 2866 1672 4:

623 1704 920 1782 Βισάνθη,
972 1700 1237 1782 Μακρὸν
1270 1716 1495 1779 τεῖχος,
1548 1701 1809 1780 Πακτύη
1858 1706 1960 1763 καὶ
2004 1701 2145 1780 ἑξῆς
2191 1698 2266 1764 τὸ
2314 1703 2640 1781 εἰρημένον
2685 1693 2869 1781 ὅριον

625 1801 731 1872 τῆς
793 1792 1214 1872 Χερσονήσου.
1313 1795 1380 1866 3,
1457 1798 1563 1866 11,
1633 1795 1702 1852 9:
1780 1788 1815 1869 ἡ
1878 1793 1942 1852 δὲ
2007 1790 2401 1870 Χερσόνησος
2458 1795 2868 1871 περιορίζεται

627 1879 752 1945 ἀπὸ
808 1886 924 1956 μὲν
985 1878 1235 1961 ἄρκτων
1295 1888 1373 1958 ’τῇ
1433 1882 1717 1961 εἰρημένῃ
1775 1876 1904 1942 ὑπὸ
1954 1878 2066 1959 τὴν
2111 1879 2363 1962 Θρᾴκην
2410 1887 2689 1960 γραμμῇ,
2741 1878 2866 1942 ἀπὸ

627 1974 742 2034 τοῦ
790 1973 1077 2045 Μέλανος
1121 1970 1365 2032 κόλπου
1413 1973 1665 2049 γραμμῄ
1718 2007 1791 2018 --
1844 1976 1975 2032 κτλ.

804 2063 951 2122 Item
1001 2062 1228 2121 Plinius
1275 2063 1345 2136 4,
1400 2064 1482 2123 43
1526 2071 1587 2121 et
1627 2063 1712 2120 44
1759 2059 2197 2120 Chersonesum
2245 2081 2281 2120 a
2326 2061 2561 2142 reliqua
2606 2060 2868 2121 Thracia

628 2152 973 2229 distinguit3
1024 2171 1158 2210 cum
1190 2160 1390 2210 tamen
1422 2153 1611 2230 ipsam
1645 2151 2014 2230 provinciam
2044 2171 2167 2210 non
2197 2161 2630 2224 commemoret,
2678 2150 2867 2210 verba

626 2243 755 2302 eius
802 2261 909 2321 pro
956 2250 1308 2318 argumento
1356 2239 1566 2300 haberi
1613 2241 1718 2300 vix
1763 2247 2036 2319 possunt,
2085 2259 2342 2320 eumque
2389 2240 2564 2300 attuli
2608 2249 2859 2313 tantum,

629 2332 774 2411 quia
820 2330 1259 2393 Chersonesum
1322 2349 1357 2388 a
1403 2329 1666 2389 Thracia
1722 2349 1889 2389 muro
1937 2329 2179 2389 Macron
2233 2329 2426 2389 tichos
2485 2329 2641 2389 dicto
2695 2349 2861 2409 sepa·

623 2429 813 2480 ratam
863 2439 993 2480 esse
1039 2418 1238 2479 tradit.
2884 2492 2889 2496 .

804 2510 977 2590 Muro
1025 2510 1256 2568 munita
1303 2516 1393 2568 est
1437 2509 1502 2566 in
1532 2506 1751 2567 isthmo
1784 2506 2185 2569 Chersonesus
2217 2510 2471 2591 primum
2504 2529 2542 2569 a
2573 2506 2861 2583 Miltiade,

629 2598 869 2680 Cypseli
927 2598 1049 2657 filio
1098 2600 1256 2659 circa
1303 2617 1358 2657 a.
1410 2599 1540 2657 560
1597 2616 1652 2660 a.
1704 2596 1877 2671 Chr.,
1936 2597 2154 2657 deinde
2207 2619 2244 2659 a
2298 2598 2531 2659 Pericle
2586 2618 2742 2659 anno
2796 2609 2865 2658 ut

630 2688 868 2749 videtur
893 2689 1025 2758 ‚447
1047 2683 1117 2766 8),
1167 2708 1203 2746 a
1235 2684 1578 2765 Dercyllida
1611 2707 1660 2748 a.
1698 2688 1824 2747 398
1860 2707 1914 2750 a.
1948 2686 2110 2763 Chr.,
2154 2689 2231 2748 ab
2263 2689 2403 2770 imp.
2434 2689 2764 2749 Iustiniano
2786 2683 2860 2767 4).

629 2778 919 2839 Miillerus
983 2776 1225 2857 quidem
1287 2775 1438 2836 duos
1499 2778 1653 2835 muri
1714 2785 1941 2837 tractus
2003 2776 2317 2856 distinguit
2392 2779 2743 2858 „pristinum
2804 2786 2867 2837 et

629 2868 1085 2940 recentiorem“,
1133 2867 1379 2926 Macron
1424 2865 1619 2925 tichos
1664 2886 1809 2926 vero
1857 2867 2072 2926 aetatis
2104 2867 2432 2928 Ptolemaei
2478 2869 2685 2928 miscet
2730 2887 2863 2926 cum

631 2958 883 3017 termino
947 2951 1050 3040 (τὸ
1100 2949 1304 3034 ὅριον)
1352 2954 1724 3015 Chersonesi.
1818 2955 2062 3016 Schultz
2120 2977 2361 3037 quoque
2416 2966 2475 3017 et
2529 2956 2865 3017 Paranikas

631 3067 846 3127 parum
894 3045 968 3106 de
1013 3044 1126 3105 hoc
1172 3065 1340 3105 muro
1389 3044 1864 3124 disputaverunt,
1914 3047 2000 3105 ita
2044 3055 2114 3105 ut
2158 3067 2281 3106 non
2325 3047 2542 3107 inutile
2586 3045 2867 3106 videatur

629 3156 754 3195 rem
810 3136 990 3216 plane
1045 3134 1123 3193 ad
1172 3134 1569 3195 definitionem
1619 3135 1915 3195 Thraciae
1977 3137 2376 3215 pertinentem
2429 3135 2635 3217 paullo
2691 3153 2900 3195 accu··

627 3227 816 3285 ratius
863 3226 1200 3304 exquirere.

805 3313 1142 3374 Herodotus
1214 3316 1280 3390 6,
1347 3316 1427 3373 36
1497 3313 1783 3373 Miltiadis
1843 3333 2079 3374 murum
2152 3335 2188 3373 a
2253 3315 2472 3376 Cardia
2531 3334 2726 3395 usque
2788 3312 2865 3373 ad

627 3487 745 3542 CIL
783 3489 833 3555 3,
874 3490 978 3542 749
1016 3488 1086 3542 cf.
1122 3504 1174 3557 p.
1214 3490 1336 3542 992.
1394 3486 1601 3543 Similis
1640 3487 1883 3543 eiusdem
1922 3488 2051 3544 anni
2087 3488 2229 3559 lapis
2266 3505 2440 3559 nuper
2474 3489 2682 3559 prodiit
2719 3489 2865 3557 apud

627 3559 809 3614 vicum
851 3560 1065 3614 Butovo
1102 3559 1258 3613 ΔΕΜ
1301 3560 1384 3624 15,
1424 3559 1474 3613 h.
1517 3560 1636 3626 208,
1673 3575 1724 3614 n.
1765 3562 1851 3614 79.

809 3631 850 3700 ¹)
888 3629 972 3685 Cf.
1009 3629 1227 3699 Perieg.
1265 3630 1427 3685 iamb.
1468 3631 1573 3685 738
1616 3647 1667 3700 p.
1707 3634 1834 3686 225:
1887 3634 2016 3703 Hepz
2062 3631 2165 3698 τὴν
2209 3632 2480 3704 ὑπώρειαν
2529 3635 2626 3685 τοῦ
2676 3630 2865 3683 καλου-

627 3705 794 3769 μένου
833 3704 1008 3768 Αἵμου
1045 3699 1197 3755 πόλις
1233 3702 1340 3752 ἐστι
1372 3704 1692 3772 ΔΙεσημβρία
1730 3700 2004 3771 λεγομένη,
2047 3706 2114 3768 τῇ·
2152 3704 2353 3776 Θρᾳκίᾳ
2393 3707 2445 3755 Γ
2437 3705 2580 3769 ετικῇ
2618 3723 2676 3754 τε
2714 3723 2865 3755 συνο-

627 3774 843 3843 ρίζουσαι
878 3775 961 3841 γῇ,
1001 3780 1059 3828 et
1097 3774 1220 3827 Car.
1262 3773 1461 3830 Muller
1498 3775 1568 3828 ad
1606 3774 1750 3829 Ptol.
1790 3791 1842 3843 p.
1879 3777 2002 3829 473.

806 3843 1033 3911 Eckhel,
1072 3845 1258 3911 Poole,
1296 3845 1379 3902 De
1407 3845 1583 3901 Sallet
1621 3846 1791 3914 (Berl.
1819 3846 1997 3902 Catal.
2023 3863 2076 3916 p.
2105 3848 2231 3918 192)
2267 3861 2517 3903 nummos
2555 3864 2663 3904 non
2690 3847 2865 3903 solum

631 3915 997 3972 Mesembriae
1035 3916 1131 3971 sed
1169 3918 1336 3971 etiam
1376 3917 1572 3973 Odessi
1610 3917 1757 3973 inter
1793 3918 2092 3974 Thracicos
2129 3923 2448 3988 posuerunt.

811 3987 853 4057 ²)
891 3988 973 4042 De
1000 3988 1342 4044 Chersoneso
1370 3988 1608 4044 Thracia
1634 3988 1760 4045 vide
1787 4005 1926 4056 quae
1953 3989 2316 4059 scripserunt:
2354 3992 2419 4045 A.
2439 3989 2512 4045 M.
2535 3990 2596 4047 F.
2623 3990 2865 4056 Schultz,

632 4059 711 4112 De
740 4059 1079 4115 Chersoneso
1106 4059 1342 4115 Thracia
1367 4060 1567 4130 (Berol.
1599 4061 1779 4130 1853),
1814 4061 2015 4116 Matth.
2039 4061 2365 4130 Paranikas,
2390 4063 2542 4114 ΕΦΣ
2562 4065 2613 4131 2,
2650 4078 2738 4131 pp.
2760 4063 2863 4116 221

627 4129 711 4184 bis
750 4133 871 4195 232,
910 4136 969 4185 et
1003 4134 1054 4198 3,
1091 4148 1143 4200 p.
1182 4132 1251 4187 48
1290 4147 1368 4199 sq.
1410 4132 1536 4191 Car.
1575 4132 1791 4199 Miiller,
1830 4132 1901 4186 ad
1940 4132 2318 4189 Ptolemaeum
2356 4150 2406 4204 p.
2445 4136 2675 4189 476—7.

809 4201 855 4271 ³)
894 4201 1135 4271 Schultz,
1174 4203 1499 4266 Paranikas‚
1538 4202 1739 4259 Miiller
1779 4219 1978 4259 annum
2016 4205 2120 4258 453
2159 4205 2517 4274 scripserunt.
2588 4204 2799 4261 Tamen
2835 4220 2866 4260 e

630 4272 796 4328 fastis
821 4272 1134 4329 tributariis
1160 4274 1601 4331 Atheniensibus
1641 4282 1888 4344 apparet,
1924 4275 2159 4331 Periclis
2184 4276 2588 4345 expeditionem
2618 4276 2675 4332 in
2701 4275 2865 4332 Cher-

630 4360 1064 4488 sonesu3npanno
1091 4349 1200 4471 ΜΞ
1220 4346 1428 4473 fgcttam
1455 4362 1594 4474 (Esse.
1648 4346 1802 4418 Quod
1827 4346 2164 4422 benignitati
2189 4347 2363 4408 Ulrici
2389 4348 2649 4408 Koehleri
2674 4349 2861 4409 debeo.

937 4432 1117 4485 rocop.
1209 4433 1239 4473 e
1279 4416 1338 4473 i.
1377 4422 1459 4486 4,1
1505 4459 1515 4469 .
