3200 5217
1486 453 1928 511 -72-

592 631 1074 711 Dionysopolim3
1138 629 1226 690 ibi
1280 630 1438 690 enim
1499 637 1560 689 et
1615 630 1916 689 moenium
1962 636 2232 688 veterum
2278 629 2538 707 vestigia
2582 636 2646 686 et
2688 646 2831 687 ana-

599 720 895 801 glyphum
974 718 1051 780 ad
1127 719 1355 780 cultum
1409 720 1660 799 Dionysi
1734 727 2011 799 spectans
2079 716 2454 798 prodierunt,
2546 718 2834 798 imprimis

595 830 740 870 vero
803 829 1000 890 aquae
1062 811 1242 870 etiam
1307 807 1487 869 hodie
1545 808 1632 869 ibi
1693 807 2023 869 defluentes
2079 827 2319 888 prorsus
2373 806 2450 867 ad
2495 807 2661 867 illam
2718 803 2835 884 τὴν

592 905 726 961 τῶν
756 895 1011 960 ὑδάτων
1036 894 1396 977 καταρροὴν
1420 897 1651 979 (Steph.
1680 898 1834 977 Byz3
1867 898 2062 961 Anon.
2087 892 2255 980 Per.)
2289 895 2641 957 referendae
2672 905 2832 968 sunt,

595 1008 752 1069 quae
798 989 938 1049 olim
983 987 1146 1068 apud
1195 986 1525 1066 Κρουνούς
1567 988 1754 1048 fuisse
1800 986 2074 1048 traditur.

773 1076 995 1139 Contra
1041 1076 1107 1138 O.
1156 1078 1375 1138 Miiller
1422 1075 1526 1157 (ad
1555 1077 1711 1139 Ptol.
1760 1099 1821 1157 p.
1857 1077 2010 1154 462)
2058 1076 2293 1136 Becker
2342 1073 2589 1154 (Jahn’s
2619 1072 2834 1135 Jahrb.

595 1166 808 1248 Suppl.
851 1171 950 1242 19,
992 1167 1181 1241 1853,
1214 1188 1272 1247 Ρ.
1309 1167 1464 1246 346)
1497 1166 1730 1241 Allard,
1766 1186 1863 1247 op.
1898 1187 1947 1227 c.
1983 1187 2041 1246 p.
2069 1168 2171 1240 37,
2221 1164 2486 1239 Jirecek,
2521 1164 2695 1224 ΔΕΜ
2735 1164 2834 1237 10,

594 1277 651 1333 p.
695 1258 816 1319 183
866 1255 944 1316 ad
989 1258 1188 1317 vicum
1235 1256 1571 1325 Baltsohik
1616 1265 1870 1337 ponunt.

774 1346 1019 1406 Nummi
1066 1367 1101 1406 a
1150 1344 1472 1407 Commodo
1518 1366 1714 1427 usque
1759 1345 1836 1405 ad
1884 1343 2255 1406 Gordianum
2300 1343 2493 1404 Pium.

776 1436 998 1496 Tituli=
1046 1435 1221 1495 AEM
1274 1437 1353 1497 10
1422 1457 1481 1515 p.
1524 1437 1686 1509 184,
1726 1437 1868 1498 185.

777 1525 954 1586 Prius
1003 1527 1285 1603 Κρουνοί
1328 1524 1488 1585 dicta
1535 1533 1643 1585 est.
1721 1524 1898 1601 Quod
1944 1524 2135 1584 solum
2180 1542 2397 1584 nomen
2440 1521 2641 1586 Strab.
2689 1522 2838 1594 220,

602 1617 727 1676 319
763 1616 963 1691 novit3
1012 1613 1190 1678 ovid.
1222 1614 1402 1675 Trist.
1444 1618 1498 1688 1,
1539 1616 1641 1688 10,
1679 1615 1793 1677 38:
1842 1633 2010 1675 arces
2042 1612 2239 1673 dictae
2266 1614 2526 1688 nomine,
2569 1612 2839 1696 Bacche,

599 1715 721 1766 tuo.
792 1704 952 1765 Mela
985 1705 1043 1780 2,
1106 1707 1143 1763 2
1190 1701 1445 1772 Crunos
1491 1712 1552 1765 et
1594 1703 2093 1790 Dionysopolim
2136 1702 2404 1764 diversas
2447 1702 2610 1764 facit.
2680 1702 2837 1761 Plin.

601 1795 784 1869 4,44;
844 1793 1081 1874 Scymn.
1135 1795 1293 1870 7513
1344 1801 1537 1853 Anon.
1582 1793 1754 1871 Per.;
1812 1793 2015 1874 Steph.
2061 1793 2207 1873 Byz.
2256 1801 2582 1872 utrumque
2626 1810 2844 1851 nomen

600 1881 678 1943 ad
723 1882 972 1944 eandem
1018 1883 1229 1943 urbem
1277 1884 1563 1944 referunt.
1650 1884 1807 1948 Ptol.
1859 1885 1918 1961 3,
1970 1884 2071 1956 10,
2118 1885 2187 1958 33
2236 1882 2495 1963 Appian.
2529 1881 2697 1961 Illyr.
2734 1881 2838 1961 30,

600 1973 839 2033 Arrian.
887 1974 1045 2047 Per„
1101 1973 1431 2047 HierocleS,
1489 1974 1628 2033 Itin.
1681 1975 1824 2036 Ant.
1872 1972 2028 2033 Tab.
2077 1972 2273 2046 Peut.‚
2333 1972 2509 2052 Rav„
2563 1971 2844 2031 Ammian

604 2065 707 2137 27,
758 2064 818 2137 5,
873 2063 984 2145 12,
1033 2061 1235 2124 Const.
1280 2062 1569 2142 Porphyr.
1619 2062 1835 2127 Them.
1872 2066 1932 2138 2,
1986 2069 2018 2123 1
2070 2070 2306 2122 tantum
2349 2061 2848 2150 Dionysopolim

602 2160 1060 2214 commemorant
1075 2150 1143 2235 ¹).

1547 2343 1906 2417 Odessus.

783 2473 968 2556 Apud
1001 2474 1293 2543 Varnam
1336 2477 1563 2555 primus
1607 2474 2101 2556 Papadopoulos-
2082 2474 2322 2536 -Vretos
2385 2473 2502 2551 (La
2558 2472 2850 2551 Bulgarie

610 2587 667 2646 p.
705 2566 829 2625 198
877 2585 965 2646 sq.
1002 2565 1076 2626 cf.
1111 2565 1394 2626 Memorio
1439 2585 1510 2625 su
1555 2565 1617 2625 la
1661 2573 1938 2645 scoperta
1967 2564 2030 2626 di
2061 2566 2231 2624 Tomi
2263 2551 2402 2643 etc.)
2437 2561 2848 2625 collocandam

609 2675 739 2715 esse
779 2652 1073 2716 Odessum
1121 2656 1348 2715 statuit.
1420 2653 1511 2721 cf.
1546 2655 1793 2737 Kanitz‚
1844 2657 1904 2737 3,
1953 2676 2014 2735 p.
2056 2656 2256 2716 191—
2278 2655 2433 2731 194,
2482 2671 2850 2734 quamquam
2881 2691 2894 2704 -

608 2746 728 2803 iam
773 2743 1156 2821 Forbigerus
1209 2745 1267 2817 3,
1311 2765 1368 2824 p.
1420 2745 1589 2807 1100
1637 2752 1698 2804 et
1743 2764 1894 2825 quos
1939 2744 2045 2804 ille
2091 2754 2512 2805 commemorat
2556 2752 2849 2817 auctores,

606 2855 799 2919 prope
828 2834 1093 2894 Varnam
1137 2835 1312 2894 sitam
1358 2853 1487 2893 esse
1528 2835 1922 2896 coniecerant.
1996 2832 2086 2897 cf.
2120 2833 2364 2908 Duban,
2396 2833 2556 2898 Bull.
2589 2831 2848 2894 archeol.

609 2922 684 2985 de
731 2922 885 2985 Sens
939 2924 1127 3000 1858,
1174 2943 1235 3003 p.
1290 2925 1432 2984 122.

784 3012 1030 3073 Nummi
1075 3012 1153 3073 ab
1197 3011 1509 3072 Hadriano
1556 3033 1750 3095 usque
1798 3011 1875 3073 ad
1920 2980 2285 3076 Saloninam.

787 3102 1007 3162 Tituli.
1057 3101 1195 3163 OIG
1228 3103 1698 3163 2056-2056ο
1743 3111 1803 3163 et
1846 3104 1911 3162 in
1957 3101 2238 3165 additam.
2276 3100 2849 3165 2056d—20562.

611 3192 786 3251 AEM
824 3195 924 3268 10,
974 3212 1034 3272 p.
1082 3195 1181 3263 11,
1230 3212 1330 3255 nn.
1371 3194 1428 3274 1,
1474 3193 1532 3266 2,
1569 3194 1630 3271 4,
1667 3198 1735 3270 53
1781 3192 2130 3253 Hommaire
2175 3190 2251 3252 de
2280 3192 2440 3267 Hell,
2492 3196 2549 3268 4,
2597 3212 2658 3272 p.
2692 3193 2851 3268 4253

614 3282 824 3342 Revue
853 3281 1038 3344 Arch.
1071 3283 1261 3356 1878,
1296 3304 1399 3363 pp.
1434 3283 1556 3342 109
1590 3302 1698 3364 sq„
1739 3284 1861 3342 137
1896 3301 1986 3363 sq.
2052 3281 2184 3343 CIL
2217 3285 2277 3357 3,
2311 3304 2369 3363 p.
2404 3284 2528 3343 144
2569 3291 2629 3343 et
2665 3281 2852 3344 1366.

792 3372 846 3432 E
891 3373 1247 3451 scriptorum
1300 3373 1652 3432 testimoniis
1707 3381 1961 3453 apparet
2005 3392 2220 3432 nomen
2270 3371 2490 3440 odessi
2533 3390 2728 3451 usque
2774 3368 2851 3429 ad

617 3460 841 3522 saecul.
889 3461 993 3521 VI.
1047 3458 1428 3521 adservatum
1484 3481 1637 3522 esse.
1728 3461 2138 3541 Theophanes
2189 3463 2230 3523 l.
2281 3482 2364 3523 c.=
2427 3458 2718 3533 ἐλθόντες
2771 3461 2853 3533 εἰς

619 3547 737 3628 τὴν
783 3549 1125 3627 λεγομένην
1168 3546 1423 3628 Βάρναν
1469 3555 1736 3629 πλησίον
1781 3548 2109 3625 Ὀὃυσσοῦ,·
2167 3551 2275 3612 ubi
2319 3552 2515 3611 minus
2559 3559 2737 3628 recte,
2784 3556 2854 3610 ut

617 3641 852 3719 opinor,
910 3641 1119 3701 Vretos
1185 3638 1267 3724 (p.
1327 3640 1481 3722 200)
1544 3638 1805 3719 Βάρναν
1863 3642 2086 3703 flumen
2150 3640 2392 3722 aliquod
2452 3642 2639 3701 fuisse
2698 3639 2849 3702 vult.

620 3727 880 3790 Videtur
925 3731 1124 3809 potius
1165 3729 1424 3797 Varnae
1467 3751 1686 3791 nomen
1731 3751 1952 3791 novum
1985 3731 2169 3791 fuisse
2210 3738 2406 3790 aetate
2443 3728 2851 3810 Theophanis,

619 3818 922 3879 vetustius
969 3839 1111 3878 vero
1162 3818 1383 3887 Odessi
1427 3819 1691 3882 nondum
1738 3822 1974 3880 omnino
2020 3815 2285 3900 periisse.

798 3908 892 3968 De
936 3909 1177 3969 nomine
1218 3906 1647 3987 Τιβεριέπολις,
1696 3909 1857 3991 quod
1902 3909 2116 3970 habuit
2161 3909 2422 3973 Odessus
2469 3917 2667 3970 aetate
2710 3910 2852 3989 imp.

617 3997 867 4058 Leontis
915 3996 1236 4077 Sapientis,
1284 3998 1424 4060 vide
1468 3999 1722 4073 Vreton,
1767 4020 1831 4080 p.
1883 4001 2030 4060 204.

805 4261 851 4331 ι)
889 4260 973 4317 De
997 4260 1209 4317 Bizone
1244 4277 1417 4332 prope
1451 4260 1865 4334 Dionysopolim
1910 4263 2095 4333 (hodie
2120 4262 2388 4318 Kavarna
2401 4263 2451 4334 ?)
2487 4262 2614 4320 vide
2648 4262 2855 4318 Kanitz
2897 4240 2904 4248 ⁸

620 4332 658 4390 1.
716 4347 761 4387 c.
811 4348 864 4402 Ρ.
922 4334 1053 4400 227,
1114 4333 1354 4402 Jirecek,
1392 4333 1549 4389 AEM
1590 4335 1674 4401 10,
1712 4351 1765 4404 Ρ.
1806 4334 1926 4403 186,
1967 4336 2087 4402 187,
2132 4334 2348 4399 Becker
2392 4335 2427 4391 1.
2468 4351 2514 4399 c
2552 4335 2740 4398 Etiam
2787 4334 2855 4398 de

629 4402 872 4462 Gerania
889 4404 1074 4479 (Plin.)
1100 4403 1226 4464 vide
1243 4405 1468 4462 Jirecek
1502 4405 1538 4466 1.
1577 4423 1624 4468 ο.
1662 4423 1714 4480 Ρ.
1756 4406 1874 4468 182
2187 4450 2192 4455 .
