3200 5217
1164 534 1601 593 ...81—

759 922 1278 1022 Sententiae
1346 925 2009 1024 controversae.

456 1218 512 1273 1.
563 1213 818 1274 Comitia
887 1216 1222 1274 centuriata
1288 1215 1406 1273 iam
1468 1234 1506 1273 a
1567 1212 1918 1275 decemviris
1995 1217 2054 1275 in
2118 1218 2505 1296 posteriorem

266 1304 516 1363 formam
574 1301 815 1363 redacta
872 1323 1002 1363 esse
1047 1303 1258 1364 Soltau
1305 1301 1584 1386 (Altrom.
1638 1304 1976 1367 Volksvers.
2029 1327 2088 1386 p.
2128 1305 2505 1390 361—371)

267 1412 580 1473 perperam
626 1391 946 1457 contendit,

448 1574 506 1634 2.
556 1571 609 1630 E
651 1571 843 1631 tribus
889 1569 1100 1646 modis,
1151 1572 1371 1652 quibus
1420 1570 1581 1651 apud
1613 1571 1914 1631 Romanos
1957 1592 2112 1632 uxor
2157 1575 2220 1632 in
2265 1594 2507 1633 manum

270 1662 467 1719 mariti
513 1661 801 1721 veniebat
845 1660 988 1742 (Gai
1036 1663 1178 1722 Inst.
1227 1662 1287 1741 I,
1360 1664 1483 1723 108
1532 1661 1670 1741 sq.),
1724 1662 2118 1723 confarreatio
2168 1665 2508 1743 antiquissi-

268 1770 399 1810 mus
448 1759 553 1811 est.

446 1911 506 1970 3.
557 1909 692 1986 Quo
749 1912 964 1972 itinere
1020 1911 1329 1977 Hannibal
1391 1913 1575 1991 Alpes
1633 1913 1960 1986 transierit,
2020 1933 2054 1971 e
2099 1913 2353 1994 Polybio
2400 1934 2505 1994 po·

268 2001 559 2061 tissimum
610 2003 1007 2079 cognoscitur.

451 2164 508 2224 4.
560 2161 902 2239 Plutarcho,
954 2182 1087 2223 cum
1134 2164 1321 2222 vitam
1367 2161 1601 2224 Galbae
1647 2164 1951 2244 scriberet,
2000 2165 2190 2223 Taciti
2238 2163 2508 2223 historias

266 2253 330 2309 in
376 2251 656 2311 manibus
703 2252 884 2312 fuisse
931 2261 1094 2332 puto.
2483 2277 2488 2282 ·

448 2436 506 2492 5.
557 2431 785 2492 Locum
814 2430 1088 2512 Thucyd.
1125 2435 1183 2505 2,
1239 2436 1269 2494 1
1320 2431 1485 2516 haud
1530 2442 1695 2493 recte
1725 2432 1958 2494 Ullrich
2005 2440 2066 2491 et
2097 2430 2284 2511 Steup
2330 2433 2507 2492 inter-

267 2521 489 2600 pretati
535 2530 691 2583 sunt.

453 2684 511 2743 6.
562 2684 795 2744 Ennius
825 2685 889 2742 in
930 2683 1137 2744 fabula
1171 2643 1349 2763 onam
1381 2685 1617 2764 scripsit
1639 2684 1959 2764 Iphigenia
1990 2704 2109 2743 non
2131 2682 2505 2763 Sophoclem,

267 2782 337 2920 {t
370 2771 614 2946 lBegrglsx)
647 2775 903 2854 putavit,
968 2772 1074 2834 sed
1118 2773 1464 2854 Euripidem
1528 2784 1770 2834 secutus
1817 2783 1907 2834 est
1953 2772 2067 2853 (Of.
2117 2774 2324 2853 Eurip.
2374 2773 2505 2852 Iph.

324 2881 405 2921 u.
505 2866 535 2922 l
622 2907 634 2921 .

452 3027 510 3085 7.
571 3022 983 3105 Dorpfeldium
1048 3023 1122 3084 de
1187 3024 1465 3085 Athenae
1537 3024 1756 3104 templo
1829 3024 2274 3104 antiquissimo,
2349 3021 2508 3103 quod

269 3121 399 3172 erat
442 3114 598 3174 inter
628 3114 1071 3174 Parthenonem
1121 3122 1179 3174 et
1219 3114 1638 3193 Erechtheum,
1686 3122 1847 3174 recte
1890 3115 2169 3174 statuisse
2211 3113 2506 3180 existimo.
