3200 5217
1263 466 1659 555 ss-'7-

335 669 371 707 a
431 647 672 725 fastigio
742 647 961 707 Haemi
1031 647 1096 706 in
1166 648 1264 707 via
1331 647 1573 707 militari
1646 644 1998 727 distantem,
2066 647 2227 707 tituli
2295 647 2578 709 facillime

336 746 586 816 possunt
628 738 907 797 translati
952 757 1110 813 esse3
1169 757 1245 797 ex
1301 737 1474 797 titulo
1522 735 1804 796 Mezdrae
1851 747 2090 817 reperto
2145 737 2385 797 maioris
2430 758 2577 818 pon-

336 827 492 888 deris
548 835 969 908 argumentum
1029 827 1303 888 efficitur.
1412 825 1532 888 Sed
1590 825 1665 885 de
1726 825 1819 886 his
1879 827 2089 906 rebus,
2154 825 2343 887 donec
2397 828 2577 908 plura

334 919 676 978 testimonia
719 916 1046 998 prodeant,
1115 915 1377 976 nondum
1427 926 1519 977 sat
1577 924 1738 975 certo
1783 915 2164 977 statuendum
2211 926 2331 993 est;
2396 937 2577 998 quam

334 1007 515 1067 facile
573 1015 773 1067 autem
831 1005 1108 1066 translati
1169 1008 1287 1067 sint
1341 1006 1528 1080 tituli,
1589 1004 1764 1066 docet
1816 1005 1919 1065 ille
1979 1003 2405 1079 Pautaliensis‚
2470 1008 2576 1087 qui

335 1096 498 1178 apud
571 1096 872 1172 Volujak,
946 1097 1146 1157 vicum
1223 1100 1296 1157 11
1365 1096 1738 1155 chiliometra
1809 1116 1846 1155 a
1904 1095 2065 1156 Sofia
2141 1097 2576 1175 septentriones

333 1206 542 1248 versus
590 1186 939 1259 distantem,
1000 1185 1221 1265 prodiit
1268 1186 1467 1267 (ΛΕΜ
1521 1188 1621 1266 14,
1671 1203 1727 1261 p.
1767 1184 1916 1265 155,
1964 1206 2024 1248 n.
2074 1185 2160 1244 40
2193 1214 2277 1237 =
2310 1186 2577 1246 Dumont

510 1366 596 1425 At
642 1366 883 1425 omnino
945 1363 1406 1444 improbandum
1465 1384 1593 1424 esse
1649 1362 1794 1424 mihi
1840 1361 2082 1443 quidem
2128 1362 2365 1425 videtur
2412 1363 2573 1446 quod

338 1455 859 1516 Domaszewskius
894 1455 1091 1531 (ΔΕΜ
1122 1456 1220 1528 10,
1255 1475 1310 1534 p.
1341 1450 1499 1537 240)
1530 1462 1783 1534 postque
1817 1473 1952 1513 eum
1983 1454 2257 1513 Homolle
2283 1454 2575 1531 (Dumont

333 1566 391 1625 p.
430 1545 586 1627 317)
634 1565 668 1604 e
715 1545 894 1605 titulo
941 1543 1235 1604 Thracico
1281 1563 1436 1603 saec.
1485 1543 1567 1623 1.,
1627 1545 1691 1601 in
1744 1544 1846 1602 via
1904 1562 2060 1623 quae
2104 1543 2322 1603 Naisso
2371 1545 2572 1605 Ratia—

331 1637 481 1694 riam
536 1635 736 1714 pergit
794 1645 1031 1714 reperto
1051 1632 1132 1717 ¹),
1192 1635 1603 1705 coniecerunt,
1667 1632 1814 1693 fines
1875 1634 2222 1712 provinciae
2277 1633 2573 1695 Thraciae

334 1726 514 1784 etiam
558 1726 864 1801 regionem
911 1725 1069 1783 circa
1109 1724 1390 1783 Naissum
1435 1737 1575 1783 ante
1604 1723 1891 1782 Moesiam
1920 1723 2289 1802 provinciam
2320 1721 2573 1784 divisam

334 1813 671 1889 complexos
728 1833 877 1876 esse.
969 1814 1125 1872 Nam
1180 1821 1243 1872 et
1288 1811 1498 1872 titulus
1553 1811 1793 1872 videtur
1839 1812 2166 1872 translatus
2213 1832 2345 1874 esse
2362 1808 2441 1891 ²),
2506 1823 2573 1873 ut

331 1903 482 1963 nihil
528 1924 605 1963 ex
639 1923 709 1963 eo
741 1901 1017 1962 concludi
1047 1903 1251 1979 possit,
1299 1922 1498 1982 neque
1531 1901 1847 1982 probabile
1880 1910 1972 1961 est
2001 1910 2231 1962 tantam
2262 1904 2571 1979 regionem

332 2013 487 2053 anno
522 1995 604 2053 46
649 2014 686 2053 a
717 1993 1030 2073 provincia
1059 1993 1285 2052 Moesia
1333 1990 1516 2076 (quae
1549 1993 1669 2051 iam
1703 1992 1789 2051 40
1820 1992 1993 2052 annis
2040 2002 2180 2050 ante
2227 1990 2568 2076 exstiterat)

337 2083 650 2164 abreptam
696 2083 1116 2162 Thraciaeque
1161 2080 1424 2141 additam
1472 2101 1597 2141 esse
1616 2128 1632 2161 ,
1680 2090 1750 2140 ut
1796 2101 1954 2140 anno
2000 2080 2127 2153 fere
2179 2083 2260 2142 85
2308 2083 2570 2142 Moesiae

330 2172 640 2253 Superiori
686 2170 1056 2233 redderetur.

513 2262 926 2323 Ptolemaeum
974 2259 1213 2342 quidem
1261 2270 1321 2320 et
1351 2280 1536 2340 supra
1581 2259 1839 2341 vidimus
1871 2260 2246 2339 aliquantum
2278 2262 2571 2321 erravisse

336 2362 414 2414 et.
448 2373 507 2416 v.
541 2351 598 2411 d.
633 2351 882 2413 Carolus
929 2351 1146 2411 Miiller
1165 2346 1211 2426 ⁸)
1259 2352 1503 2410 monuit.
1553 2351 1620 2409 in
1664 2351 1953 2409 mensuris
1986 2369 2023 2408 a
2052 2369 2194 2410 vero
2241 2349 2566 2411 aberrasse.

335 2442 740 2502 Nihilominus
812 2440 887 2501 de
948 2440 1306 2500 Mesembria
1372 2440 1716 2519 provinciae
1785 2439 2047 2499 Moesiae
2108 2439 2383 2499 Inferiori
2451 2460 2569 2499 non

333 2531 630 2591 Thraciae
675 2529 1016 2603 tribuenda,
1067 2531 1307 2589 minime
1354 2529 1514 2602 licet,
1561 2537 1633 2588 ut
1671 2530 1898 2607 opinor,
1947 2527 2297 2608 geographo
2343 2530 2570 2608 insigni

332 2620 507 2682 fidem
564 2621 888 2700 abrogare,
952 2619 1013 2679 id
1063 2618 1222 2699 quod
1280 2639 1481 2678 omnes
1538 2620 1664 2678 fere
1712 2639 1808 2682 vv.
1858 2617 1955 2685 dd.
2012 2617 2283 2678 fecerunt
2300 2614 2373 2701 4).
2465 2620 2568 2679 Bis

333 2712 491 2771 enim
551 2713 956 2789 Μεσημβρίαν
1017 2710 1126 2787 τῆς
1186 2712 1429 2781 Μυσίας
1490 2715 1937 2782 commemorat,
2013 2727 2376 2789 quamquam
2438 2729 2569 2769 eam

331 2821 544 2881 parum
590 2810 751 2860 recte
814 2802 878 2860 in
931 2802 1065 2880 ipsa
1109 2799 1327 2858 Haemi
1386 2800 1763 2858 extremitate
1824 2797 1917 2880 (in
1963 2799 2359 2876 promontorio
2407 2798 2569 2879 quod

332 2888 509 2950 hodie
555 2891 767 2949 Emine
814 2891 1097 2950 Bournou
1142 2889 1417 2967 vocatur)
1463 2889 1650 2967 ponit,
1701 2907 1834 2947 cum
1881 2887 2218 2967 paullulum
2263 2887 2568 2949 meridiem

334 2999 544 3040 versus
607 2981 721 3039 sita
774 2981 868 3042 sit.
974 2979 1126 3039 Item
1185 2998 1329 3038 vero
1384 2976 1724 3058 Nicopolim
1787 2975 1864 3035 ad
1918 2976 2140 3037 Istrum
2197 2987 2362 3037 recte
2413 2979 2569 3038 inter

331 3070 628 3129 Thraciae
682 3069 864 3129 urbes
926 3069 1307 3129 Ptolemaeus
1369 3076 1641 3127 recenset
1656 3062 1734 3147 ⁵),
1807 3086 2124 3146 perperam
2188 3076 2389 3128 tamen
2435 3087 2566 3127 eam

321 3151 408 3218 'ab
455 3160 688 3219 Haemo
734 3158 1045 3219 meridiem
1091 3178 1305 3218 versus
1353 3157 1617 3220 collocat.

514 3281 554 3350 ²)
594 3281 655 3334 In
691 3280 814 3334 vico
854 3279 1085 3346 quodam
1125 3277 1345 3346 Sorlyik
1382 3278 1615 3333 nomine.

509 3351 553 3422 ⁹)
592 3351 852 3416 Dumont,
878 3368 929 3419 p.
950 3353 1051 3405 317
1078 3349 1172 3416 Q1:
1192 3349 1328 3421 “Hpq
1350 3351 1658 3415 Σοντηκηνῇ
1693 3351 1752 3400 Tc
1773 3389 1784 3400 .
1808 3346 2083 3403 Κλαύδιος
2104 3388 2115 3399 .
2139 3387 2150 3399 .
2181 3348 2498 3415 Θεόπομπος
2519 3388 2530 3399 .
2554 3389 2565 3400 .

330 3423 620 3495 στρατηγὸς
653 3422 882 3489 Ἄστικῆς
919 3413 1009 3488 τῆς
1045 3426 1165 3493 περὶ
1205 3422 1505 3493 Πέρινθον,
1545 3420 1828 3488 Σηλητικῆς
1865 3421 2083 3492 ὀρεινῆς,
2124 3418 2568 3491 Δενθ[ελ]ητικῆς

330 3492 665 3566 πε[δια]σίας.
725 3494 855 3563 Ipse
881 3494 1039 3548 Dom.
1065 3493 1279 3549 monuit
1314 3494 1441 3549 illas
1468 3500 1583 3549 tres
1611 3492 1914 3563 strategias
1939 3508 2163 3562 prorsus
2188 3508 2297 3547 non
2320 3493 2566 3561 potuisse

335 3566 496 3622 simul
536 3564 929 3633 administrari,
984 3565 1081 3621 sed
1117 3581 1217 3634 per
1254 3581 1377 3620 eum
1416 3565 1661 3621 ordinem
1699 3564 2119 3620 administratas
2157 3579 2279 3619 esse
2317 3579 2351 3618 a
2388 3563 2566 3619 Theo-

329 3654 546 3707 pompo,
585 3654 690 3706 quo
728 3637 786 3692 in
823 3637 990 3692 titulo
1027 3643 1400 3704 recensentur,
1437 3637 1493 3692 id
1533 3636 1676 3703 quod
1707 3636 1959 3692 concedo.
2018 3635 2173 3703 Quod
2199 3635 2247 3690 si
2272 3635 2356 3690 ita
2380 3634 2565 3705 habet,

328 3709 640 3765 necessario
678 3714 778 3765 aut
813 3709 1123 3764 translatus
1162 3714 1251 3765 est
1286 3708 1486 3764 titulus
1524 3713 1626 3763 aut
1662 3707 1877 3763 omnino
1917 3712 2076 3764 extra
2113 3706 2382 3763 Thraciae
2428 3707 2565 3763 fines

332 3799 366 3838 a
385 3781 735 3851 Theopompo
761 3781 978 3850 positus
999 3786 1102 3836 est.
1140 3780 1280 3835 Nam
1301 3782 1453 3836 locus
1472 3780 1567 3836 ubi
1585 3780 1795 3849 prodiit
1814 3779 2123 3849 strategias
2143 3778 2564 3835 Dentheleticae

329 3852 502 3909 fuisse
542 3853 758 3908 omnino
807 3868 915 3908 non
963 3857 1178 3921 potest;
1225 3859 1290 3907 ut
1326 3853 1516 3908 statim
1552 3850 1879 3921 perspicies,
1928 3851 1976 3906 si
2022 3850 2269 3905 tabulam
2308 3850 2566 3919 Kieperti

334 3924 661 4064 ἰῃερθξΐτῙίε.
719 3924 883 4050 ἕξῌο
919 3924 1098 4051 ἰςὲῐὲιῖ
1132 3924 1527 4065 modp(1·ii‚tul·us
1553 3924 1773 4051 ἰὶὲὲἕτο
1801 3928 2128 4049 αἱξῖιέωοῃιο
2154 3920 2435 3977 habendus
2461 3928 2564 3979 est.

617 4012 654 4050 n
691 4012 721 4052 e
760 4012 781 4050 1
809 4011 933 4051 ione
1046 4012 1075 4050 o
1100 4011 1274 4050 emaci
1385 4012 1511 4051 aris.
1792 4039 1801 4049 .
1949 4036 1962 4051 .

509 4068 553 4140 ⁴)
593 4068 675 4124 cf.
702 4067 994 4122 Atlantem
1020 4066 1323 4135 Antiquum
1347 4067 1601 4136 Kieperti
1639 3996 1785 4136 (tabl.)
1802 4066 1906 4133 XI)
1945 4071 2005 4121 et
2040 4066 2275 4133 tabulas,
2316 4080 2455 4132 quae
2495 4065 2565 4120 ad

333 4140 538 4268 caffiem
559 4141 665 4196 vol.
682 4140 763 4193 III
786 4138 1042 4209 Corporis
1062 4140 1233 4194 Inscr.
1249 4140 1369 4195 Lat.
1392 4145 1450 4196 et
1467 4138 1636 4195 vol.V
1655 4138 1920 4195 historiae
1941 4137 2219 4192 Romanae
2243 4137 2564 4192 Mommseni

330 4228 394 4268 su
435 4213 610 4268 ‘ectae
650 4215 795 4267 sunt.

510 4284 554 4355 ¹⁵)
592 4283 653 4337 Id
702 4283 846 4351 quod
890 4283 1125 4339 nummis
1161 4282 1451 4352 titulisque
1499 4282 1773 4353 insignem
1820 4282 1879 4338 in
1925 4281 2146 4337 modum
2192 4279 2560 4336 confirmatur.

332 4355 414 4411 Of,
434 4356 582 4412 infra
602 4355 702 4411 sub
731 4354 1000 4425 Nicopoli.
1059 4354 1226 4425 Lapis
1248 4355 1554 4412 terminalis
1581 4372 1631 4410 a.
1659 4357 1763 4410 136
1787 4355 1936 4410 inter
1948 4353 2214 4410 Moesiam
2233 4351 2560 4408 Interiorem

332 4432 391 4482 et
415 4428 704 4484 Thraciam
736 4426 956 4498 positus
992 4432 1245 4499 repertus
1271 4433 1360 4483 est
1397 4443 1563 4498 supra
1587 4426 1893 4497 Nicopolim
1919 4424 2325 4498 septentriones
2350 4438 2559 4481 versus.
