3200 5217
1181 541 1625 608 -47--

462 728 724 809 Reliqua
768 725 1068 787 Thraciae
1112 723 1334 806 oppida
1393 728 1457 785 in
1500 727 1830 786 Itinerariis
1888 735 1947 785 et
1993 724 2155 806 apud
2201 726 2520 807 scriptores

285 819 549 879 melioris
581 819 719 878 aevi
753 826 1229 890 commemorata,
1279 814 1354 876 de
1385 815 1606 896 quibus
1636 816 1787 875 nibil
1818 825 2132 897 praeterea
2179 818 2520 890 memoriae,

284 908 536 986 dignum
581 906 867 968 traditum
912 915 1021 980 est,
1067 906 1339 968 invenies
1385 907 1448 966 in
1487 904 1697 965 tabula
1728 904 1805 965 ad
1852 906 2075 966 calcem
2120 906 2302 967 huius
2331 906 2522 967 libelli

282 998 555 1059 subiecta
600 999 685 1078 (p.
741 998 866 1077 74).

1190 1156 1616 1166 -————-———

1243 1371 1441 1454 Caput
1484 1374 1561 1434 V.

1105 1491 1716 1564 Administratio.

463 1641 779 1701 Provincia
826 1640 1089 1700 Thracia
1134 1638 1275 1701 inde
1337 1641 1415 1700 ab
1479 1661 1533 1702 a.
1585 1641 1669 1700 46
1733 1662 1795 1720 p.
1843 1639 1981 1704 Chr.
2027 1661 2222 1721 usque
2277 1640 2354 1701 ad
2399 1643 2523 1702 Do·

284 1731 599 1790 mitianum
661 1750 698 1789 a
758 1730 1241 1810 procuratoribus
1316 1729 1732 1790 administrata
1807 1743 1897 1790 est
1913 1728 1981 1809 ¹).
2072 1731 2524 1791 Procuratorem

283 1820 585 1880 Thraciae
627 1818 948 1880 habemusz

615 1922 727 1992 Ti.
776 1921 1063 1992 ‚Iulium
1112 1923 1442 2011 Justum,
1489 1947 1542 1988 a.
1595 1930 1673 1987 61
1727 1925 1885 2007 (ΟΠ,
1934 1931 1992 2008 3,
2045 1928 2244 2008 6123)

284 2027 345 2076 et
404 2015 568 2098 apud
629 2017 773 2077 Tac.
822 2017 976 2076 Hist.
1028 2020 1095 2093 1,
1152 2020 1226 2077 11
1290 2016 1404 2076 sub
1453 2015 1652 2078 Galba
1697 2015 1961 2077 Thracia
2028 2018 2183 2077 inter
2238 2037 2339 2077 eas
2384 2037 2518 2097 pro-

288 2108 523 2166 vincias
570 2106 846 2180 refertur,
897 2125 1055 2186 quae
1106 2106 1627 2187 „procuratoribus
1674 2105 2046 2166 cohibentur.
2063 2113 2090 2141 “

474 2198 627 2275 Imp.
676 2196 1056 2256 Domitianus
1101 2197 1371 2273 regimen
1416 2196 1608 2272 legati
1660 2216 1752 2275 pr.
1799 2217 1891 2276 pr.
1949 2196 2234 2277 praetorii
2287 2197 2526 2276 provin-

288 2287 417 2345 ciae
463 2283 701 2345 dedisse
748 2284 1016 2360 videtur3
1065 2306 1205 2344 nam
1250 2286 1488 2364 legatus
1533 2286 1698 2364 Au‘g.
1748 2286 1819 2344 ·in
1864 2286 2123 2346 Thracia
2169 2286 2425 2367 primum
2471 2306 2524 2349 a.

285 2377 367 2436 82
433 2376 739 2434 invenitur
800 2373 900 2459 (cf.
948 2374 1105 2434 infra
1147 2397 1205 2438 n.
1257 2375 1337 2455 1).
1428 2374 1831 2435 Nihilominus
1893 2378 2077 2436 etiam
2130 2385 2338 2453 postea
2390 2396 2523 2455 pro-

291 2475 600 2525 curatores
656 2466 721 2523 in
785 2464 1049 2525 Thracia
1107 2464 1409 2525 interdum
1470 2464 1815 2545 traduntur,
1879 2466 2101 2547 quibus
2158 2466 2285 2525 sine
2346 2463 2527 2525 dubio

283 2555 475 2634 legati
519 2555 849 2635 praepositi
894 2562 1090 2617 erant:

376 2711 447 2781 2.
503 2710 588 2795 Q.
639 2709 1027 2782 Vettidius
1073 2709 1383 2783 Bassus.
1478 2718 1655 2776 Anno
1706 2716 1810 2778 88.

467 2824 735 2883 Dumont
779 2844 835 2886 n.
886 2824 1026 2885 72a.
1139 2823 1432 2903 Borghesi
1483 2827 1541 2898 3,
1593 2825 1741 2887 274.
1850 2822 2215 2898 Hirschfeld,
2264 2824 2525 2883 Verwal-

290 2913 677 2991 tungsgesch.
727 2935 787 2994 p.
824 2914 973 2975 314.
1038 2912 1128 2975 Of.
1179 2912 1402 2974 Consul
1449 2913 1583 2978 suff.
1619 2933 1675 2974 a.
1714 2910 1950 2997 711143
2000 2933 2055 2979 a.
2090 2913 2229 2977 Chr.
2262 2913 2331 2974 P.
2367 2913 2526 2974 Ven-

287 3002 470 3063 tidius
516 3003 585 3064 P.
633 3002 676 3070 f.
727 3005 969 3064 Bassus.

289 3160 356 3230 3.
417 3158 499 3231 P.
549 3158 978 3231 Prifernius
1027 3159 1107 3229 Ρ.
1155 3159 1207 3230 f.
1258 3158 1427 3243 Qui.
1476 3159 1756 3230 Paetus
1804 3159 2193 3231 Memmius
2239 3158 2526 3247 Apolli-

1020 3267 1250 3338 naris.
1346 3271 1473 3332 Sub
1518 3272 1804 3331 Traiano.

470 3360 603 3422 CIL
651 3364 710 3434 9,
760 3362 950 3425 4753.
1044 3360 1174 3421 CIL
1223 3364 1281 3434 3,
1333 3362 1526 3424 5179.
1620 3361 1978 3425 Hirschfeld.
2025 3360 2225 3423 VWG
2269 3383 2327 3442 p.
2377 3364 2524 3425 313.

291 3452 496 3525 Klein,
545 3451 1212 3529 Verwaltungsbeamte
1263 3454 1320 3525 1,
1369 3473 1431 3532 p.
1486 3453 1628 3513 185.
1714 3450 2011 3530 Borghesi
2060 3455 2116 3532 8,
2169 3452 2314 3515 393.

468 3540 794 3601 Liebenam
810 3586 825 3616 ,
896 3541 1009 3599 Die
1078 3540 1410 3601 Laufbahn
1479 3540 1584 3601 der
1651 3541 2087 3602 Procuratoren
2153 3562 2211 3621 p.
2289 3541 2393 3615 40,
2464 3542 2528 3600 in

289 3631 554 3691 Thracia
601 3631 738 3691 circ.
788 3651 845 3690 a.
901 3631 1027 3691 120
1071 3630 1259 3690 fuisse
1305 3651 1441 3691 eum
1488 3632 1784 3712 exposuit.

382 3796 444 3855 4.
509 3786 860 3859 Statilius
911 3786 1423 3860 critonianus.
1517 3796 1717 3854 Aetat.
1767 3794 2048 3856 incertae.

473 3901 756 3976 Dumont,
805 3921 865 3963 n.
919 3897 1076 3961 721³.
1168 3898 1527 3973 Hirschfeld,
1577 3899 1775 3960 VWG
1821 3921 1880 3980 p.
1931 3902 2080 3961 313.

479 4074 521 4146 1)
556 4070 828 4145 Regimen
873 4074 1249 4144 procuratoris
1299 4056 1534 4144 primum
1581 4089 1616 4129 a
1663 4073 1906 4129 Traiano
1956 4073 2234 4129 sublatum
2283 4089 2404 4130 esse
2441 4090 2529 4129 vv.

295 4146 384 4203 dd.
423 4146 608 4202 adhuc
646 4152 980 4202 statuerunt.
1053 4146 1326 4217 Borghesi
1363 4149 1411 4216 3,
1416 4148 1538 4214 274,
1586 4152 1645 4201 et
1682 4145 2005 4214 Marquardt
2043 4146 2215 4215 1,314‚
2265 4145 2359 4214 qui
2395 4145 2529 4199 titu-

292 4218 409 4273 lum
447 4217 566 4272 CIL
615 4219 648 4270 6
651 4219 808 4286 ,3828
859 4235 968 4274 non
1004 4223 1301 4288 noverant5
1352 4235 1452 4274 nec
1497 4234 1608 4273 non
1647 4218 1943 4273 Liebenam
1992 4216 2115 4289 (Die
2152 4219 2405 4301 Legaten
2440 4233 2529 4286 pp.

293 4291 362 4345 92
368 4290 538 4361 389),
591 4289 685 4359 qui
722 4296 783 4346 et
817 4291 1045 4346 titulum
1081 4291 1238 4346 novit
1273 4297 1332 4346 et
1368 4289 1622 4346 consules
1660 4307 1708 4346 a.
1747 4290 1819 4345 82
1867 4289 2005 4345 miro
2057 4305 2241 4345 errore
2276 4288 2336 4344 in
2374 4306 2423 4344 a.
2461 4291 2531 4343 89

300 4362 598 4418 transtulit
622 4369 681 4418 et
712 4361 1064 4418 nihilominus
1101 4364 1322 4433 legatos
1360 4361 1564 4418 statuit
1599 4362 1701 4417 sub
1726 4361 1964 4417 Traiano
2003 4362 2217 4418 demum
2240 4360 2532 4416 institutos

294 4434 446 4492 esse!
503 4468 572 4479 —
623 4434 878 4492 Homolle
934 4437 1006 4508 (p.
1040 4435 1181 4520 523)
1239 4433 1540 4504 dubitavit,
1595 4449 1726 4491 num
1771 4434 2002 4491 Avidius
2058 4432 2291 4502 Quietus
2338 4448 2534 4490 revera

295 4509 524 4581 legatus
559 4507 875 4579 provinciae
911 4506 1098 4565 fuerit.
1175 4505 1257 4565 of.
1296 4505 1456 4562 infra.
