3200 5217
1496 472 1942 543 affigo...

775 658 867 723 Ac
927 676 1004 722 ne
1059 655 1362 740 Ergissam
1419 660 1663 742 quidem
1719 670 1859 721 ante
1914 661 2243 721 Traianum
2298 662 2459 739 Aug.
2518 653 2846 722 Traianum

605 752 968 834 appellatam
1037 770 1167 812 esse
1229 749 1515 825 concedo,
1588 748 1751 831 quod
1810 750 2013 810 Tissot
2073 770 2107 810 e
2168 749 2359 810 titulis
2420 749 2583 811 BCH
2651 751 2842 826 1882,
2945 755 2952 760 ’

599 866 659 925 p,
699 843 846 922 179,
879 839 1341 902 assentientibus
1372 840 1655 916 Foucart,
1689 840 1966 900 Homolle
1997 838 2312 925 (Dumont,
2345 858 2446 920 pp.
2484 842 2631 913 305,
2669 839 2844 921 352),

601 932 678 993 de
724 931 916 993 Sallet
973 927 1162 1015 (Berl.
1214 929 1399 990 Catal.
1448 950 1505 1010 p.
1555 929 1741 1010 238),
1801 930 2084 1008 colligere
2129 949 2301 1010 posse
2346 929 2464 990 sibi
2509 928 2842 992 videbatur.

598 1023 725 1084 Illis
785 1022 943 1082 enim
1005 1019 1196 1083 titulis
1256 1018 1403 1080 nihil
1457 1018 1849 1080 demonstrari
1903 1027 2114 1095 potest,
2174 1039 2309 1080 cum
2364 1020 2477 1081 sub
2524 1018 2844 1080 Commodo

603 1113 962 1192 imperatore
1023 1109 1201 1190 positi
1257 1110 1396 1169 sint.
1512 1108 1811 1168 Videntur
1867 1111 2071 1189 potius
2129 1113 2502 1187 Εργισσηνοί
2552 1110 2640 1169 illi
2693 1108 2846 1169 nihil

604 1200 767 1261 aliud
800 1221 950 1275 esse,
987 1200 1102 1259 nisi
1135 1197 1454 1277 collegium
1479 1196 1780 1278 quoddam
1812 1218 2065 1273 sacrum,
2099 1209 2168 1258 ut
2195 1199 2444 1260 Jirecek
2476 1199 2840 1259 observavit.

780 1290 1120 1367 Augustam
1151 1288 1476 1348 Traianam
1519 1308 1718 1368 neque
1751 1290 2067 1369 scriptores
2098 1296 2333 1349 veteres
2363 1309 2563 1368 neque
2592 1289 2843 1348 Itinera·

599 1383 691 1441 ria
738 1387 1205 1439 commemorant
1248 1388 1601 1458 tantumque
1645 1379 1707 1438 in
1756 1379 1945 1438 titulis
1974 1379 2355 1458 nummisque
2386 1398 2601 1439 nomen
2630 1377 2832 1437 adser-

599 1479 805 1530 vatum
851 1466 1030 1553 est1).
1110 1467 1328 1548 Neque
1374 1487 1518 1529 vero
1564 1470 1697 1547 ipse
1744 1466 1986 1548 quidem
2043 1467 2405 1528 Dumontius
2431 1468 2517 1548 (p.
2540 1464 2697 1552 300)
2712 1487 2841 1543 per-

598 1560 814 1641 spexit,
859 1577 1129 1618 nummos
1176 1558 1281 1637 qui
1313 1553 1678 1635 Αὐγούστης
1721 1561 2020 1636 Τραϊανῆς
2058 1558 2326 1637 inseripti
2369 1567 2510 1619 sunt
2552 1557 2629 1617 ad
2670 1563 2840 1635 Τραϊ-

601 1646 777 1728 ανήν,
825 1667 1002 1724 quam
1048 1648 1173 1725 ipse
1220 1648 1550 1722 invenerat,
1599 1649 1911 1723 pertinere.

784 1738 902 1797 Illa
956 1746 1160 1797 autem
1205 1736 1394 1798 verba
1437 1735 1688 1812 Surdae,
1748 1757 1826 1797 ex
1881 1737 2130 1797 historia
2176 1734 2437 1817 quadam
2481 1736 2730 1796 Traiani
2773 1744 2843 1795 ut

604 1828 846 1889 videtur
889 1837 1125 1904 sumpta
1140 1822 1216 1911 2),
1266 1847 1409 1887 num
1455 1826 1531 1886 ad
1566 1828 1907 1904 Augustam
1936 1827 2261 1887 Traianam
2308 1835 2369 1887 et
2397 1825 2840 1908 Traianopolim

606 1919 903 1979 Thraciae
948 1915 1263 1978 referenda
1308 1918 1446 1990 sint,
1496 1936 1615 1977 non
1662 1926 1757 1977 sat
1802 1926 1962 1978 certo
2008 1924 2257 1994 constat,
2295 1920 2674 1997 'quamquam
2718 1935 2841 1975 non

598 2029 759 2086 nego
801 2006 863 2067 id
909 2007 1039 2070 veri
1084 2006 1277 2067 simile
1323 2027 1468 2068 esse.

786 2098 1105 2174 Augustae
1143 2096 1443 2156 Traianae
1489 2115 1705 2156 nomen
1754 2104 1916 2155 certo
1964 2116 2156 2176 usque
2204 2094 2280 2155 ad
2328 2093 2672 2156 Gallienum
2717 2114 2836 2155 ser-

601 2197 810 2248 vatum
860 2196 967 2261 est,
1018 2205 1139 2267 quo
1183 2188 1545 2267 imperatore
1590 2187 1772 2245 etiam
1804 2186 2029 2253 civitas
2060 2187 2255 2253 libera
2286 2184 2524 2245 videtur
2553 2184 2738 2244 fuisse
2755 2179 2833 2267 ⁸).

604 2276 857 2339 Videtur
915 2277 1102 2354 igitur
1163 2276 1447 2353 Augusta
1499 2276 1768 2335 Traiana
1827 2295 1982 2338 saec.
2046 2275 2159 2340 III.
2204 2276 2464 2336 maxime
2537 2273 2835 2349 floruiss03

603 2385 741 2428 cum
803 2385 947 2427 vero
1017 2375 1226 2446 postea
1294 2386 1417 2426 non
1490 2386 1582 2440 ea,
1648 2364 1753 2426 sed
1812 2366 2012 2426 vicina
2071 2366 2264 2425 Beroe
2327 2372 2835 2436 commemoretur,

600 2456 926 2519 verisimile
971 2464 1066 2516 est
1113 2456 1276 2535 Aug.
1310 2456 1636 2517 Traianam
1679 2474 1834 2516 saec.
1867 2451 1983 2518 IV.
2032 2454 2182 2515 adeo
2232 2453 2524 2532 dilapsam
2572 2474 2722 2529 esse,
2768 2461 2837 2513 ut

601 2547 831 2608 nullius
878 2553 1039 2607 esset
1082 2547 1383 2609 momenti.

1500 2701 1945 2789 Bessapara.

674 2927 688 2940 ⁶
780 2834 981 2895 Hodie
1043 2833 1352 2902 Batkoun
1364 2884 1382 2918 ,
1446 2851 1636 2913 prope
1705 2832 1909 2900 Tatar
1925 2832 2350 2918 -Bazardjih
2413 2830 2719 2893 meridiem
2780 2840 2842 2891 et

603 2934 896 2986 orientem
940 2943 1170 2984 versus.

779 3015 1073 3096 Dumont‚
1136 3035 1197 3095 p.
1249 3016 1380 3077 200
1435 3035 1524 3094 sq.
1571 3077 1578 3084 ,
1629 3012 1907 3095 Jirecek,
1968 3013 2143 3073 AEM
2194 3012 2303 3087 10,
2369 3031 2428 3092 p.
2482 3012 2562 3073 92
2626 3032 2716 3092 sq.
2779 3019 2842 3071 et

602 3102 988 3165 Heerstrasse
1055 3112 1167 3167 etc.
1240 3125 1339 3185 pp.
1399 3106 1512 3178 37,
1587 3104 1691 3164 38.
1795 3102 1884 3167 Of.
1946 3102 2076 3166 CIL
2123 3102 2192 3184 3,
2264 3101 2473 3181 Suppl.
2541 3121 2600 3179 p.
2648 3101 2837 3174 1336,

606 3216 711 3258 nn·
764 3195 1147 3347 {tiiiQA-rlitloz
1218 3279 1607 3367 Bessapara.
1702 3280 1841 3348 Itin.
1888 3279 2125 3342 Hieros.
2219 3280 2574 3367 Basapare.
2668 3248 2837 3344 Proc.

604 3372 735 3439 aed.
785 3377 845 3448 4,
900 3376 1012 3434 11:
1061 3368 1512 3450 Οὐεσούπαρον
1558 3370 1633 3452 (Ρ
1680 3391 1758 3432 an
1801 3367 2164 3455 Βέσπαραῗ)

786 3463 1074 3524 Nummos
1136 3464 1394 3541 optimae
1451 3462 1668 3523 aetatis
1723 3480 1981 3540 graecae
2041 3462 2106 3520 in
2161 3460 2276 3521 hac
2329 3461 2577 3540 regione
2622 3460 2838 3520 multos

605 3657 701 3780 ἓξ.
728 3657 816 3725 31,
853 3657 904 3725 9,
946 3657 976 3711 1
1014 3659 1075 3711 et
1115 3656 1196 3723 11,
1233 3655 1306 3726 2).
1370 3653 1687 3724 Theophan.
1727 3653 1926 3709 Chron.
1965 3655 2070 3709 707
2109 3658 2167 3710 et
2202 3654 2379 3712 Nicet.
2418 3671 2507 3724 pp.
2547 3656 2670 3722 292,
2708 3655 2840 3709 8442

753 3747 853 3778 Οια.
2360 3748 2364 3753 ’

684 3747 750 3800 (²0
784 3800 990 3856 Postea
1013 3797 1399 3870 Εἰρηνούπολιε
1437 3796 1504 3853 ab
1541 3796 1895 3867 imperatrice
1931 3798 2094 3854 Irene
2143 3797 2425 3868 appellata
2466 3801 2570 3854 est.
2645 3799 2838 3851 Zonar.

606 3873 665 3940 2,
720 3888 772 3941 p.
826 3872 928 3925 115
980 3869 1297 3941 Theophan.
1345 3887 1397 3940 p.
1435 3870 1558 3927 385.
1648 3868 1730 3926 Of.
1778 3868 2017 3939 Jirecek,
2055 3869 2389 3925 Monatsber.
2412 3869 2450 3925 l.
2479 3886 2523 3924 c.
2549 3884 2601 3938 p.
2628 3870 2734 3923 449
2759 3884 2839 3936 sq.

607 3974 676 3988 --
712 3941 913 3998 Mirum
962 3950 1050 3998 est
1092 3956 1270 4010 neque
1306 3943 1618 4012 Augustam
1656 3939 1953 3996 Traianam
1987 3956 2165 4010 neque
2200 3942 2413 3998 Beroen
2452 3958 2486 3996 a
2520 3941 2840 3998 Ptolemaeo

608 4012 1035 4071 commemorari.
1131 4013 1215 4069 Cf.
1265 4028 1434 4083 supra
1480 4029 1533 4083 p.
1582 4017 1634 4071 3.
1734 4010 1918 4079 Quare
1966 4012 2188 4070 videtur
2234 4015 2376 4083 Aug.
2428 4012 2670 4069 Traiana
2714 4014 2842 4082 post

609 4085 1017 4157 Traianopolim
1046 4090 1105 4142 et
1126 4084 1430 4155 Nicopolim
1471 4085 1542 4141 ad
1566 4086 1773 4141 Istrum
1798 4084 1834 4141 i.
1862 4099 1909 4141 e.
1933 4092 2063 4154 post
2098 4100 2297 4141 annum
2325 4087 2427 4139 10⁷
2454 4084 2676 4140 condita
2700 4097 2839 4139 esse.

643 4232 669 4243 ,
789 4158 830 4230 ²)
866 4157 1075 4213 Nomen
1110 4156 1339 4242 plenum
1367 4157 1430 4212 in
1460 4157 1697 4213 nummis
1736 4162 1951 4212 tantum
1991 4156 2225 4228 legitur;
2261 4155 2319 4212 in
2356 4155 2539 4212 titulis
2573 4154 2727 4211 πόλις
2750 4154 2840 4212 vel

610 4228 770 4300 δημος
789 4231 1145 4378 ’ἷρδαέῗέαέὲυνι
1160 4229 1939 4373 Εῗηὲιοῗιιᾷῧὲυῗιῗκξθῗὲιξφῃέὶῶς
1986 4299 2300 4365 κατῴκισαν.
2375 4301 2525 4360 υΚαί
2572 4299 2842 4354 θύσαντες

611 4371 947 4480 καθίδςυᾳαν
982 4371 1079 4430 τὰς
1113 4369 1306 4430 πόλεις.
1391 4374 1650 4447 Τραιαναί
1682 4375 1787 4443 μὲν
1823 4372 2103 4443 ἐπώνυμος
2137 4373 2365 4447 ἑκατέρα
2401 4370 2520 4442 ἦκ’(

808 4448 832 4524 )
871 4445 1016 4502 BGH
1052 4446 1208 4516 1882,
1245 4462 1296 4517 p.
1339 4446 1441 4503 185
1478 4463 1529 4504 n.
1571 4448 1621 4517 1,
1658 4447 1902 4504 Dumont
1935 4461 1987 4504 n.
2025 4446 2092 4501 61
2107 4446 2183 4503 ⁰⁸.
