<?xml version="1.0" encoding="UTF-8"?>
<!DOCTYPE html PUBLIC "-//W3C//DTD XHTML 1.0 Transitional//EN"
    "http://www.w3.org/TR/xhtml1/DTD/xhtml1-transitional.dtd">
<html xmlns="http://www.w3.org/1999/xhtml" xml:lang="en" lang="en">
 <head>
  <title>
</title>
<meta http-equiv="Content-Type" content="text/html;charset=utf-8" />
  <meta name='ocr-system' content='tesseract 3.04.00' />
  <meta name='ocr-capabilities' content='ocr_page ocr_carea ocr_par ocr_line ocrx_word'/>
</head>
<body>
  <div class='ocr_page' id='page_1' title='image "./dethraciaprovin00kalogoog_0071.png"; bbox 0 0 3200 5217; ppageno 0'>
   <div class='ocr_carea' id='block_1_1' title="bbox 1192 562 1635 635">
    <p class='ocr_par' dir='ltr' id='par_1_1' title="bbox 1192 562 1635 635">
     <span class='ocr_line' id='line_1_1' title="bbox 1192 562 1635 635; baseline 0.002 -14"><span class='ocrx_word' id='word_1_1' title='bbox 1192 562 1635 635; x_wconf 64' lang='grc' dir='ltr'><em>...ὃὸ-..ι</em></span> 
     </span>
    </p>
   </div>
   <div class='ocr_carea' id='block_1_2' title="bbox 291 748 2537 1371">
    <p class='ocr_par' dir='ltr' id='par_1_2' title="bbox 291 748 2537 1010">
     <span class='ocr_line' id='line_1_2' title="bbox 299 748 2537 839; baseline 0.004 -27"><span class='ocrx_word' id='word_1_2' title='bbox 299 748 635 817; x_wconf 64' lang='lat' dir='ltr'><strong>sulem?</strong></span> <span class='ocrx_word' id='word_1_3' title='bbox 664 751 922 832; x_wconf 81' lang='lat' dir='ltr'><strong>legatur,</strong></span> <span class='ocrx_word' id='word_1_4' title='bbox 971 754 1083 813; x_wconf 93' lang='lat' dir='ltr'><strong>sub</strong></span> <span class='ocrx_word' id='word_1_5' title='bbox 1117 753 1342 815; x_wconf 85' lang='lat' dir='ltr'><strong>Severo</strong></span> <span class='ocrx_word' id='word_1_6' title='bbox 1384 762 1585 815; x_wconf 87' lang='lat' dir='ltr'><strong>autem</strong></span> <span class='ocrx_word' id='word_1_7' title='bbox 1620 753 1963 816; x_wconf 83' lang='lat' dir='ltr'><strong>Alexandro</strong></span> <span class='ocrx_word' id='word_1_8' title='bbox 1998 751 2208 817; x_wconf 88' lang='lat' dir='ltr'><strong>eadem</strong></span> <span class='ocrx_word' id='word_1_9' title='bbox 2240 751 2537 839; x_wconf 81' lang='lat' dir='ltr'><strong>scriptura</strong></span> 
     </span>
     <span class='ocr_line' id='line_1_3' title="bbox 291 840 2537 927; baseline 0.004 -26"><span class='ocrx_word' id='word_1_10' title='bbox 291 840 498 902; x_wconf 90' lang='lat' dir='ltr'><strong>redeat</strong></span> <span class='ocrx_word' id='word_1_11' title='bbox 550 850 791 922; x_wconf 87' lang='lat' dir='ltr'><strong>praeter</strong></span> <span class='ocrx_word' id='word_1_12' title='bbox 845 842 1092 903; x_wconf 88' lang='lat' dir='ltr'><strong>alteram</strong></span> <span class='ocrx_word' id='word_1_13' title='bbox 1152 846 1316 904; x_wconf 82' lang='lat' dir='ltr'><strong>AIA.</strong></span> <span class='ocrx_word' id='word_1_14' title='bbox 1369 840 1723 918; x_wconf 78' lang='grc' dir='ltr'><em>ΦΗΟΤΗΟ,</em></span> <span class='ocrx_word' id='word_1_15' title='bbox 1783 864 1943 925; x_wconf 88' lang='lat' dir='ltr'><strong>quae</strong></span> <span class='ocrx_word' id='word_1_16' title='bbox 2001 866 2147 907; x_wconf 87' lang='lat' dir='ltr'><strong>sane</strong></span> <span class='ocrx_word' id='word_1_17' title='bbox 2199 847 2382 927; x_wconf 79' lang='lat' dir='ltr'><strong>longe</strong></span> <span class='ocrx_word' id='word_1_18' title='bbox 2424 849 2537 910; x_wconf 86' lang='lat' dir='ltr'><strong>fre-</strong></span> 
     </span>
     <span class='ocr_line' id='line_1_4' title="bbox 295 932 945 1010; baseline 0.005 -20"><span class='ocrx_word' id='word_1_19' title='bbox 295 932 576 1010; x_wconf 88' lang='lat' dir='ltr'><strong>quentius</strong></span> <span class='ocrx_word' id='word_1_20' title='bbox 621 932 945 994; x_wconf 82' lang='lat' dir='ltr'><strong>invenitur.</strong></span> 
     </span>
    </p>

    <p class='ocr_par' dir='ltr' id='par_1_3' title="bbox 293 1020 2535 1371">
     <span class='ocr_line' id='line_1_5' title="bbox 470 1020 2530 1104; baseline 0.003 -24"><span class='ocrx_word' id='word_1_21' title='bbox 470 1020 674 1095; x_wconf 82' lang='lat' dir='ltr'><strong>Quare</strong></span> <span class='ocrx_word' id='word_1_22' title='bbox 719 1022 848 1082; x_wconf 87' lang='lat' dir='ltr'><strong>fieri</strong></span> <span class='ocrx_word' id='word_1_23' title='bbox 894 1030 1095 1102; x_wconf 86' lang='lat' dir='ltr'><strong>potest</strong></span> <span class='ocrx_word' id='word_1_24' title='bbox 1137 1031 1208 1082; x_wconf 91' lang='lat' dir='ltr'><strong>ut</strong></span> <span class='ocrx_word' id='word_1_25' title='bbox 1253 1024 1525 1104; x_wconf 89' lang='lat' dir='ltr'><strong>quinque</strong></span> <span class='ocrx_word' id='word_1_26' title='bbox 1568 1023 1655 1082; x_wconf 91' lang='lat' dir='ltr'><strong>illi</strong></span> <span class='ocrx_word' id='word_1_27' title='bbox 1702 1025 1815 1083; x_wconf 87' lang='lat' dir='ltr'><strong>viri</strong></span> <span class='ocrx_word' id='word_1_28' title='bbox 1855 1044 1974 1084; x_wconf 89' lang='lat' dir='ltr'><strong>non</strong></span> <span class='ocrx_word' id='word_1_29' title='bbox 2016 1025 2201 1103; x_wconf 83' lang='lat' dir='ltr'><strong>legati</strong></span> <span class='ocrx_word' id='word_1_30' title='bbox 2233 1026 2530 1087; x_wconf 87' lang='lat' dir='ltr'><strong>Thraciae</strong></span> 
     </span>
     <span class='ocr_line' id='line_1_6' title="bbox 295 1108 2535 1195; baseline 0.003 -26"><span class='ocrx_word' id='word_1_31' title='bbox 295 1108 400 1169; x_wconf 84' lang='lat' dir='ltr'><strong>sed</strong></span> <span class='ocrx_word' id='word_1_32' title='bbox 442 1111 682 1189; x_wconf 90' lang='lat' dir='ltr'><strong>patroni</strong></span> <span class='ocrx_word' id='word_1_33' title='bbox 727 1119 960 1171; x_wconf 86' lang='lat' dir='ltr'><strong>tantum</strong></span> <span class='ocrx_word' id='word_1_34' title='bbox 1007 1112 1265 1173; x_wconf 86' lang='lat' dir='ltr'><strong>civitatis</strong></span> <span class='ocrx_word' id='word_1_35' title='bbox 1310 1113 1740 1189; x_wconf 75' lang='lat' dir='ltr'><strong>Byzantiorum</strong></span> <span class='ocrx_word' id='word_1_36' title='bbox 1788 1114 2029 1174; x_wconf 86' lang='lat' dir='ltr'><strong>fuerint.</strong></span> <span class='ocrx_word' id='word_1_37' title='bbox 2111 1115 2328 1195; x_wconf 91' lang='lat' dir='ltr'><strong>Itaque</strong></span> <span class='ocrx_word' id='word_1_38' title='bbox 2372 1114 2535 1177; x_wconf 88' lang='lat' dir='ltr'><strong>diffe-</strong></span> 
     </span>
     <span class='ocr_line' id='line_1_7' title="bbox 295 1196 2533 1280; baseline 0.003 -22"><span class='ocrx_word' id='word_1_39' title='bbox 295 1197 545 1260; x_wconf 88' lang='lat' dir='ltr'><strong>rendum</strong></span> <span class='ocrx_word' id='word_1_40' title='bbox 615 1201 731 1261; x_wconf 88' lang='lat' dir='ltr'><strong>erit</strong></span> <span class='ocrx_word' id='word_1_41' title='bbox 794 1210 1022 1261; x_wconf 87' lang='lat' dir='ltr'><strong>certum</strong></span> <span class='ocrx_word' id='word_1_42' title='bbox 1088 1199 1165 1261; x_wconf 88' lang='lat' dir='ltr'><strong>de</strong></span> <span class='ocrx_word' id='word_1_43' title='bbox 1217 1196 1332 1261; x_wconf 80' lang='lat' dir='ltr'><strong>hac</strong></span> <span class='ocrx_word' id='word_1_44' title='bbox 1401 1223 1468 1263; x_wconf 88' lang='lat' dir='ltr'><strong>re</strong></span> <span class='ocrx_word' id='word_1_45' title='bbox 1534 1200 1848 1280; x_wconf 88' lang='lat' dir='ltr'><strong>iudicium,</strong></span> <span class='ocrx_word' id='word_1_46' title='bbox 1914 1202 2101 1265; x_wconf 88' lang='lat' dir='ltr'><strong>donec</strong></span> <span class='ocrx_word' id='word_1_47' title='bbox 2156 1225 2313 1264; x_wconf 86' lang='lat' dir='ltr'><strong>nova</strong></span> <span class='ocrx_word' id='word_1_48' title='bbox 2374 1207 2533 1266; x_wconf 85' lang='lat' dir='ltr'><strong>testi·</strong></span> 
     </span>
     <span class='ocr_line' id='line_1_8' title="bbox 293 1288 1332 1371; baseline 0.005 -23"><span class='ocrx_word' id='word_1_49' title='bbox 293 1290 491 1349; x_wconf 91' lang='lat' dir='ltr'><strong>monia</strong></span> <span class='ocrx_word' id='word_1_50' title='bbox 538 1288 619 1350; x_wconf 93' lang='lat' dir='ltr'><strong>de</strong></span> <span class='ocrx_word' id='word_1_51' title='bbox 662 1289 781 1350; x_wconf 89' lang='lat' dir='ltr'><strong>illis</strong></span> <span class='ocrx_word' id='word_1_52' title='bbox 826 1292 972 1351; x_wconf 81' lang='lat' dir='ltr'><strong>viris</strong></span> <span class='ocrx_word' id='word_1_53' title='bbox 1020 1290 1332 1371; x_wconf 74' lang='lat' dir='ltr'><strong>prodeant.</strong></span> 
     </span>
    </p>
   </div>
   <div class='ocr_carea' id='block_1_3' title="bbox 562 1987 2273 2238">
    <p class='ocr_par' dir='ltr' id='par_1_4' title="bbox 562 1987 2273 2238">
     <span class='ocr_line' id='line_1_9' title="bbox 1113 1987 1714 2076; baseline 0.01 -8"><span class='ocrx_word' id='word_1_54' title='bbox 1113 1987 1560 2070; x_wconf 86' lang='lat' dir='ltr'><strong>Excursns</strong></span> <span class='ocrx_word' id='word_1_55' title='bbox 1615 1988 1714 2076; x_wconf 93' lang='lat' dir='ltr'><strong>B.</strong></span> 
     </span>
     <span class='ocr_line' id='line_1_10' title="bbox 562 2146 2273 2238; baseline 0.003 -21"><span class='ocrx_word' id='word_1_56' title='bbox 562 2146 677 2218; x_wconf 89' lang='lat' dir='ltr'><strong>De</strong></span> <span class='ocrx_word' id='word_1_57' title='bbox 719 2147 1118 2236; x_wconf 79' lang='lat' dir='ltr'><strong>Pentapoli</strong></span> <span class='ocrx_word' id='word_1_58' title='bbox 1164 2149 1243 2219; x_wconf 87' lang='lat' dir='ltr'><strong>et</strong></span> <span class='ocrx_word' id='word_1_59' title='bbox 1286 2148 1659 2238; x_wconf 85' lang='lat' dir='ltr'><strong>Hexapoli</strong></span> <span class='ocrx_word' id='word_1_60' title='bbox 1703 2148 1929 2222; x_wconf 83' lang='lat' dir='ltr'><strong>Ponti</strong></span> <span class='ocrx_word' id='word_1_61' title='bbox 1973 2149 2273 2223; x_wconf 86' lang='lat' dir='ltr'><strong>Euxini.</strong></span> 
     </span>
    </p>
   </div>
   <div class='ocr_carea' id='block_1_4' title="bbox 285 2273 2533 4059">
    <p class='ocr_par' dir='ltr' id='par_1_5' title="bbox 285 2273 2533 2606">
     <span class='ocr_line' id='line_1_11' title="bbox 464 2273 2530 2357; baseline 0.002 -22"><span class='ocrx_word' id='word_1_62' title='bbox 464 2273 658 2336; x_wconf 79' lang='lat' dir='ltr'><strong>Indici</strong></span> <span class='ocrx_word' id='word_1_63' title='bbox 697 2275 936 2336; x_wconf 84' lang='lat' dir='ltr'><strong>urbium</strong></span> <span class='ocrx_word' id='word_1_64' title='bbox 969 2285 1030 2337; x_wconf 87' lang='lat' dir='ltr'><strong>et</strong></span> <span class='ocrx_word' id='word_1_65' title='bbox 1060 2276 1417 2357; x_wconf 84' lang='lat' dir='ltr'><strong>oppidorum</strong></span> <span class='ocrx_word' id='word_1_66' title='bbox 1447 2278 1747 2339; x_wconf 76' lang='lat' dir='ltr'><strong>Thraciae</strong></span> <span class='ocrx_word' id='word_1_67' title='bbox 1779 2277 2057 2340; x_wconf 86' lang='lat' dir='ltr'><strong>addenda</strong></span> <span class='ocrx_word' id='word_1_68' title='bbox 2088 2300 2218 2342; x_wconf 85' lang='lat' dir='ltr'><strong>esse</strong></span> <span class='ocrx_word' id='word_1_69' title='bbox 2249 2280 2530 2342; x_wconf 79' lang='lat' dir='ltr'><strong>videntur</strong></span> 
     </span>
     <span class='ocr_line' id='line_1_12' title="bbox 285 2363 2533 2452; baseline 0.004 -28"><span class='ocrx_word' id='word_1_70' title='bbox 285 2384 482 2444; x_wconf 73' lang='lat' dir='ltr'><strong>p..uca</strong></span> <span class='ocrx_word' id='word_1_71' title='bbox 527 2363 604 2425; x_wconf 87' lang='lat' dir='ltr'><strong>de</strong></span> <span class='ocrx_word' id='word_1_72' title='bbox 647 2364 898 2426; x_wconf 78' lang='lat' dir='ltr'><strong>urbibus</strong></span> <span class='ocrx_word' id='word_1_73' title='bbox 943 2368 1252 2427; x_wconf 76' lang='lat' dir='ltr'><strong>maritimis</strong></span> <span class='ocrx_word' id='word_1_74' title='bbox 1297 2368 1648 2447; x_wconf 83' lang='lat' dir='ltr'><strong>provinciae</strong></span> <span class='ocrx_word' id='word_1_75' title='bbox 1688 2369 1953 2429; x_wconf 78' lang='lat' dir='ltr'><strong>Moesiae</strong></span> <span class='ocrx_word' id='word_1_76' title='bbox 1994 2369 2323 2451; x_wconf 86' lang='lat' dir='ltr'><strong>Inferioris,</strong></span> <span class='ocrx_word' id='word_1_77' title='bbox 2374 2391 2533 2452; x_wconf 87' lang='lat' dir='ltr'><strong>quae</strong></span> 
     </span>
     <span class='ocr_line' id='line_1_13' title="bbox 286 2452 2529 2538; baseline 0.003 -24"><span class='ocrx_word' id='word_1_78' title='bbox 286 2474 423 2515; x_wconf 79' lang='lat' dir='ltr'><strong>cum</strong></span> <span class='ocrx_word' id='word_1_79' title='bbox 453 2452 778 2535; x_wconf 84' lang='lat' dir='ltr'><strong>Apollonia</strong></span> <span class='ocrx_word' id='word_1_80' title='bbox 822 2455 1120 2517; x_wconf 84' lang='lat' dir='ltr'><strong>Thraciae</strong></span> <span class='ocrx_word' id='word_1_81' title='bbox 1165 2458 1284 2517; x_wconf 91' lang='lat' dir='ltr'><strong>iam</strong></span> <span class='ocrx_word' id='word_1_82' title='bbox 1316 2458 1506 2538; x_wconf 88' lang='lat' dir='ltr'><strong>primo</strong></span> <span class='ocrx_word' id='word_1_83' title='bbox 1538 2479 1595 2538; x_wconf 91' lang='lat' dir='ltr'><strong>p.</strong></span> <span class='ocrx_word' id='word_1_84' title='bbox 1630 2456 1771 2524; x_wconf 86' lang='lat' dir='ltr'><strong>Chr.</strong></span> <span class='ocrx_word' id='word_1_85' title='bbox 1808 2457 2047 2519; x_wconf 87' lang='lat' dir='ltr'><strong>saeculo</strong></span> <span class='ocrx_word' id='word_1_86' title='bbox 2088 2458 2330 2521; x_wconf 86' lang='lat' dir='ltr'><strong>foedere</strong></span> <span class='ocrx_word' id='word_1_87' title='bbox 2361 2480 2529 2521; x_wconf 89' lang='lat' dir='ltr'><strong>sacro</strong></span> 
     </span>
     <span class='ocr_line' id='line_1_14' title="bbox 288 2545 880 2606; baseline 0.002 -1"><span class='ocrx_word' id='word_1_88' title='bbox 288 2545 645 2606; x_wconf 82' lang='lat' dir='ltr'><strong>coniunctae</strong></span> <span class='ocrx_word' id='word_1_89' title='bbox 691 2553 880 2606; x_wconf 88' lang='lat' dir='ltr'><strong>erant.</strong></span> 
     </span>
    </p>

    <p class='ocr_par' dir='ltr' id='par_1_6' title="bbox 287 2634 2528 3522">
     <span class='ocr_line' id='line_1_15' title="bbox 465 2634 2527 2719; baseline 0.003 -25"><span class='ocrx_word' id='word_1_90' title='bbox 465 2634 561 2694; x_wconf 92' lang='lat' dir='ltr'><strong>De</strong></span> <span class='ocrx_word' id='word_1_91' title='bbox 605 2634 927 2714; x_wconf 87' lang='lat' dir='ltr'><strong>Pentapoli</strong></span> <span class='ocrx_word' id='word_1_92' title='bbox 981 2654 1120 2696; x_wconf 86' lang='lat' dir='ltr'><strong>orae</strong></span> <span class='ocrx_word' id='word_1_93' title='bbox 1165 2635 1550 2697; x_wconf 87' lang='lat' dir='ltr'><strong>occidentalis</strong></span> <span class='ocrx_word' id='word_1_94' title='bbox 1598 2637 1774 2696; x_wconf 85' lang='lat' dir='ltr'><strong>Ponti</strong></span> <span class='ocrx_word' id='word_1_95' title='bbox 1819 2638 2044 2698; x_wconf 84' lang='lat' dir='ltr'><strong>Euxini</strong></span> <span class='ocrx_word' id='word_1_96' title='bbox 2090 2639 2317 2718; x_wconf 89' lang='lat' dir='ltr'><strong>primus</strong></span> <span class='ocrx_word' id='word_1_97' title='bbox 2364 2638 2527 2719; x_wconf 88' lang='lat' dir='ltr'><strong>quod</strong></span> 
     </span>
     <span class='ocr_line' id='line_1_16' title="bbox 289 2721 2525 2811; baseline 0.003 -27"><span class='ocrx_word' id='word_1_98' title='bbox 289 2725 473 2784; x_wconf 86' lang='lat' dir='ltr'><strong>sciam</strong></span> <span class='ocrx_word' id='word_1_99' title='bbox 489 2723 737 2785; x_wconf 85' lang='lat' dir='ltr'><strong>Boeckh</strong></span> <span class='ocrx_word' id='word_1_100' title='bbox 755 2721 861 2808; x_wconf 91' lang='lat' dir='ltr'><strong>(ad</strong></span> <span class='ocrx_word' id='word_1_101' title='bbox 878 2723 1017 2785; x_wconf 80' lang='lat' dir='ltr'><strong>CIG</strong></span> <span class='ocrx_word' id='word_1_102' title='bbox 1035 2725 1205 2787; x_wconf 86' lang='lat'>2023</span> <span class='ocrx_word' id='word_1_103' title='bbox 1222 2723 1374 2808; x_wconf 79' lang='lat'><strong>⁰)1),</strong></span> <span class='ocrx_word' id='word_1_104' title='bbox 1407 2734 1533 2786; x_wconf 89' lang='lat' dir='ltr'><strong>tum</strong></span> <span class='ocrx_word' id='word_1_105' title='bbox 1553 2726 1764 2787; x_wconf 86' lang='lat' dir='ltr'><strong>Perrot</strong></span> <span class='ocrx_word' id='word_1_106' title='bbox 1780 2724 2143 2811; x_wconf 73' lang='lat' dir='ltr'><strong>(Memoires‚</strong></span> <span class='ocrx_word' id='word_1_107' title='bbox 2161 2749 2265 2809; x_wconf 90' lang='lat' dir='ltr'><strong>pp.</strong></span> <span class='ocrx_word' id='word_1_108' title='bbox 2294 2730 2416 2790; x_wconf 89' lang='grc'><strong>188</strong></span> <span class='ocrx_word' id='word_1_109' title='bbox 2437 2749 2525 2810; x_wconf 87' lang='lat' dir='ltr'><strong>sq.</strong></span> 
     </span>
     <span class='ocr_line' id='line_1_17' title="bbox 289 2812 2526 2901; baseline 0.002 -28"><span class='ocrx_word' id='word_1_110' title='bbox 289 2814 416 2874; x_wconf 81' lang='lat'><strong>447</strong></span> <span class='ocrx_word' id='word_1_111' title='bbox 467 2812 611 2895; x_wconf 86' lang='lat' dir='ltr'><strong>sq.),</strong></span> <span class='ocrx_word' id='word_1_112' title='bbox 669 2833 860 2891; x_wconf 90' lang='lat' dir='ltr'><strong>nuper</strong></span> <span class='ocrx_word' id='word_1_113' title='bbox 903 2833 1047 2876; x_wconf 86' lang='lat' dir='ltr'><strong>vero</strong></span> <span class='ocrx_word' id='word_1_114' title='bbox 1091 2814 1445 2895; x_wconf 83' lang='lat' dir='ltr'><strong>Marquardt</strong></span> <span class='ocrx_word' id='word_1_115' title='bbox 1492 2818 1584 2895; x_wconf 89' lang='grc'><strong>(1,</strong></span> <span class='ocrx_word' id='word_1_116' title='bbox 1638 2813 1796 2898; x_wconf 88' lang='lat'>305)</span> <span class='ocrx_word' id='word_1_117' title='bbox 1843 2825 1908 2877; x_wconf 92' lang='lat' dir='ltr'><strong>et</strong></span> <span class='ocrx_word' id='word_1_118' title='bbox 1952 2816 2281 2877; x_wconf 80' lang='lat' dir='ltr'><strong>Mommsen</strong></span> <span class='ocrx_word' id='word_1_119' title='bbox 2329 2815 2526 2901; x_wconf 67' lang='lat' dir='ltr'><strong>(Rom.</strong></span> 
     </span>
     <span class='ocr_line' id='line_1_18' title="bbox 288 2900 2528 2987; baseline 0.004 -24"><span class='ocrx_word' id='word_1_120' title='bbox 288 2901 510 2964; x_wconf 85' lang='lat' dir='ltr'><strong>Gesch.</strong></span> <span class='ocrx_word' id='word_1_121' title='bbox 562 2907 598 2964; x_wconf 86' lang='lat'>5</span> <span class='ocrx_word' id='word_1_122' title='bbox 617 2948 632 2976; x_wconf 93' lang='lat'>‚</span> <span class='ocrx_word' id='word_1_123' title='bbox 688 2924 747 2983; x_wconf 88' lang='lat' dir='ltr'><strong>p.</strong></span> <span class='ocrx_word' id='word_1_124' title='bbox 797 2900 952 2987; x_wconf 84' lang='lat'>283)</span> <span class='ocrx_word' id='word_1_125' title='bbox 1008 2902 1482 2985; x_wconf 85' lang='lat' dir='ltr'><strong>disputaverunt.</strong></span> <span class='ocrx_word' id='word_1_126' title='bbox 1577 2905 2026 2985; x_wconf 81' lang='lat' dir='ltr'><strong>Marquardtius</strong></span> <span class='ocrx_word' id='word_1_127' title='bbox 2081 2927 2216 2967; x_wconf 91' lang='lat' dir='ltr'><strong>cum</strong></span> <span class='ocrx_word' id='word_1_128' title='bbox 2260 2908 2383 2967; x_wconf 89' lang='lat' dir='ltr'><strong>illis</strong></span> <span class='ocrx_word' id='word_1_129' title='bbox 2428 2929 2528 2972; x_wconf 78' lang='lat' dir='ltr'><strong>vv,</strong></span> 
     </span>
     <span class='ocr_line' id='line_1_19' title="bbox 287 2990 2525 3074; baseline 0.003 -24"><span class='ocrx_word' id='word_1_130' title='bbox 287 2990 386 3055; x_wconf 79' lang='lat' dir='ltr'><strong>dd.</strong></span> <span class='ocrx_word' id='word_1_131' title='bbox 421 2993 797 3073; x_wconf 90' lang='lat' dir='ltr'><strong>Pentapolim</strong></span> <span class='ocrx_word' id='word_1_132' title='bbox 844 2995 1115 3054; x_wconf 84' lang='lat' dir='ltr'><strong>civitates</strong></span> <span class='ocrx_word' id='word_1_133' title='bbox 1155 2996 1391 3067; x_wconf 83' lang='lat' dir='ltr'><strong>Tomos,</strong></span> <span class='ocrx_word' id='word_1_134' title='bbox 1440 2993 1679 3073; x_wconf 88' lang='lat' dir='ltr'><strong>Istrum,</strong></span> <span class='ocrx_word' id='word_1_135' title='bbox 1730 2992 2041 3069; x_wconf 90' lang='lat' dir='ltr'><strong>Odessum,</strong></span> <span class='ocrx_word' id='word_1_136' title='bbox 2089 2996 2525 3074; x_wconf 86' lang='lat' dir='ltr'><strong>Mesembriam‚</strong></span> 
     </span>
     <span class='ocr_line' id='line_1_20' title="bbox 287 3082 2528 3163; baseline 0.002 -21"><span class='ocrx_word' id='word_1_137' title='bbox 287 3082 670 3161; x_wconf 87' lang='lat' dir='ltr'><strong>Apolloniam</strong></span> <span class='ocrx_word' id='word_1_138' title='bbox 742 3083 1079 3163; x_wconf 84' lang='lat' dir='ltr'><strong>amplexam</strong></span> <span class='ocrx_word' id='word_1_139' title='bbox 1147 3103 1275 3144; x_wconf 85' lang='lat' dir='ltr'><strong>esse</strong></span> <span class='ocrx_word' id='word_1_140' title='bbox 1341 3084 1570 3144; x_wconf 82' lang='lat' dir='ltr'><strong>statuit.</strong></span> <span class='ocrx_word' id='word_1_141' title='bbox 1680 3085 2084 3147; x_wconf 83' lang='lat' dir='ltr'><strong>Mommsenus</strong></span> <span class='ocrx_word' id='word_1_142' title='bbox 2145 3106 2288 3146; x_wconf 85' lang='lat' dir='ltr'><strong>vero</strong></span> <span class='ocrx_word' id='word_1_143' title='bbox 2347 3087 2528 3147; x_wconf 88' lang='lat' dir='ltr'><strong>urbes</strong></span> 
     </span>
     <span class='ocr_line' id='line_1_21' title="bbox 294 3169 2526 3255; baseline 0.001 -23"><span class='ocrx_word' id='word_1_144' title='bbox 294 3169 570 3232; x_wconf 83' lang='lat' dir='ltr'><strong>Callatim</strong></span> <span class='ocrx_word' id='word_1_145' title='bbox 619 3193 690 3232; x_wconf 88' lang='lat' dir='ltr'><strong>ac</strong></span> <span class='ocrx_word' id='word_1_146' title='bbox 719 3172 1173 3253; x_wconf 80' lang='lat' dir='ltr'><strong>Dionysopolim</strong></span> <span class='ocrx_word' id='word_1_147' title='bbox 1203 3174 1333 3233; x_wconf 92' lang='lat' dir='ltr'><strong>loco</strong></span> <span class='ocrx_word' id='word_1_148' title='bbox 1366 3173 1761 3234; x_wconf 85' lang='lat' dir='ltr'><strong>Mesembriae</strong></span> <span class='ocrx_word' id='word_1_149' title='bbox 1793 3175 2272 3255; x_wconf 85' lang='lat' dir='ltr'><strong>Apolloniaeque</strong></span> <span class='ocrx_word' id='word_1_150' title='bbox 2299 3195 2526 3255; x_wconf 91' lang='lat' dir='ltr'><strong>ponen-</strong></span> 
     </span>
     <span class='ocr_line' id='line_1_22' title="bbox 292 3258 2526 3345; baseline 0.003 -25"><span class='ocrx_word' id='word_1_151' title='bbox 292 3258 399 3322; x_wconf 88' lang='lat' dir='ltr'><strong>das</strong></span> <span class='ocrx_word' id='word_1_152' title='bbox 429 3280 562 3322; x_wconf 88' lang='lat' dir='ltr'><strong>esse</strong></span> <span class='ocrx_word' id='word_1_153' title='bbox 592 3269 766 3342; x_wconf 87' lang='lat' dir='ltr'><strong>putat</strong></span> <span class='ocrx_word' id='word_1_154' title='bbox 796 3271 1106 3342; x_wconf 86' lang='lat' dir='ltr'><strong>totamque</strong></span> <span class='ocrx_word' id='word_1_155' title='bbox 1129 3262 1506 3343; x_wconf 89' lang='lat' dir='ltr'><strong>Pentapolim</strong></span> <span class='ocrx_word' id='word_1_156' title='bbox 1539 3263 1699 3323; x_wconf 88' lang='lat' dir='ltr'><strong>intra</strong></span> <span class='ocrx_word' id='word_1_157' title='bbox 1727 3263 1876 3324; x_wconf 89' lang='lat' dir='ltr'><strong>fines</strong></span> <span class='ocrx_word' id='word_1_158' title='bbox 1900 3266 2244 3345; x_wconf 88' lang='lat' dir='ltr'><strong>provinciae</strong></span> <span class='ocrx_word' id='word_1_159' title='bbox 2267 3265 2526 3326; x_wconf 85' lang='lat' dir='ltr'><strong>Moesiae</strong></span> 
     </span>
     <span class='ocr_line' id='line_1_23' title="bbox 289 3351 2524 3434; baseline 0.002 -23"><span class='ocrx_word' id='word_1_160' title='bbox 289 3351 566 3426; x_wconf 83' lang='lat' dir='ltr'><strong>iacuisse,</strong></span> <span class='ocrx_word' id='word_1_161' title='bbox 615 3352 784 3412; x_wconf 89' lang='lat' dir='ltr'><strong>cuius</strong></span> <span class='ocrx_word' id='word_1_162' title='bbox 829 3351 1010 3412; x_wconf 88' lang='lat' dir='ltr'><strong>urbes</strong></span> <span class='ocrx_word' id='word_1_163' title='bbox 1053 3352 1206 3412; x_wconf 87' lang='lat' dir='ltr'><strong>sicut</strong></span> <span class='ocrx_word' id='word_1_164' title='bbox 1253 3360 1463 3432; x_wconf 89' lang='lat' dir='ltr'><strong>postea</strong></span> <span class='ocrx_word' id='word_1_165' title='bbox 1508 3371 1618 3412; x_wconf 90' lang='lat' dir='ltr'><strong>sex</strong></span> <span class='ocrx_word' id='word_1_166' title='bbox 1646 3353 2035 3434; x_wconf 91' lang='lat' dir='ltr'><strong>Hexapoleos</strong></span> <span class='ocrx_word' id='word_1_167' title='bbox 2082 3356 2358 3415; x_wconf 85' lang='lat' dir='ltr'><strong>civitates</strong></span> <span class='ocrx_word' id='word_1_168' title='bbox 2398 3375 2524 3416; x_wconf 90' lang='lat' dir='ltr'><strong>eas-</strong></span> 
     </span>
     <span class='ocr_line' id='line_1_24' title="bbox 290 3438 2157 3522; baseline 0.002 -23"><span class='ocrx_word' id='word_1_169' title='bbox 290 3438 422 3500; x_wconf 90' lang='lat' dir='ltr'><strong>dem</strong></span> <span class='ocrx_word' id='word_1_170' title='bbox 470 3441 659 3502; x_wconf 82' lang='lat' dir='ltr'><strong>fuisse</strong></span> <span class='ocrx_word' id='word_1_171' title='bbox 703 3461 773 3501; x_wconf 95' lang='lat' dir='ltr'><strong>ac</strong></span> <span class='ocrx_word' id='word_1_172' title='bbox 818 3449 1089 3502; x_wconf 89' lang='lat' dir='ltr'><strong>monetas</strong></span> <span class='ocrx_word' id='word_1_173' title='bbox 1133 3442 1481 3522; x_wconf 88' lang='lat' dir='ltr'><strong>provinciae</strong></span> <span class='ocrx_word' id='word_1_174' title='bbox 1526 3443 1789 3503; x_wconf 84' lang='lat' dir='ltr'><strong>Moesiae</strong></span> <span class='ocrx_word' id='word_1_175' title='bbox 1835 3444 2157 3505; x_wconf 86' lang='lat' dir='ltr'><strong>Inferioris.</strong></span> 
     </span>
    </p>

    <p class='ocr_par' dir='ltr' id='par_1_7' title="bbox 286 3529 2525 3791">
     <span class='ocr_line' id='line_1_25' title="bbox 463 3529 2525 3614; baseline 0.002 -24"><span class='ocrx_word' id='word_1_176' title='bbox 463 3529 658 3606; x_wconf 82' lang='lat' dir='ltr'><strong>Quam</strong></span> <span class='ocrx_word' id='word_1_177' title='bbox 723 3529 966 3611; x_wconf 89' lang='lat' dir='ltr'><strong>quidem</strong></span> <span class='ocrx_word' id='word_1_178' title='bbox 1032 3533 1433 3592; x_wconf 89' lang='lat' dir='ltr'><strong>coniecturam</strong></span> <span class='ocrx_word' id='word_1_179' title='bbox 1489 3532 1862 3611; x_wconf 88' lang='lat' dir='ltr'><strong>probabilem</strong></span> <span class='ocrx_word' id='word_1_180' title='bbox 1918 3554 2039 3593; x_wconf 92' lang='lat' dir='ltr'><strong>non</strong></span> <span class='ocrx_word' id='word_1_181' title='bbox 2103 3553 2259 3612; x_wconf 88' lang='lat' dir='ltr'><strong>esse,</strong></span> <span class='ocrx_word' id='word_1_182' title='bbox 2320 3554 2525 3614; x_wconf 88' lang='lat' dir='ltr'><strong>quam·</strong></span> 
     </span>
     <span class='ocr_line' id='line_1_26' title="bbox 292 3620 2523 3704; baseline 0.002 -25"><span class='ocrx_word' id='word_1_183' title='bbox 292 3639 472 3699; x_wconf 90' lang='lat' dir='ltr'><strong>quam</strong></span> <span class='ocrx_word' id='word_1_184' title='bbox 503 3621 567 3679; x_wconf 91' lang='lat' dir='ltr'><strong>in</strong></span> <span class='ocrx_word' id='word_1_185' title='bbox 598 3620 712 3682; x_wconf 84' lang='lat' dir='ltr'><strong>hac</strong></span> <span class='ocrx_word' id='word_1_186' title='bbox 743 3620 999 3682; x_wconf 88' lang='lat' dir='ltr'><strong>obscura</strong></span> <span class='ocrx_word' id='word_1_187' title='bbox 1030 3622 1380 3701; x_wconf 87' lang='lat' dir='ltr'><strong>quaestione</strong></span> <span class='ocrx_word' id='word_1_188' title='bbox 1407 3641 1606 3700; x_wconf 90' lang='lat' dir='ltr'><strong>pauca</strong></span> <span class='ocrx_word' id='word_1_189' title='bbox 1637 3621 1866 3701; x_wconf 89' lang='lat' dir='ltr'><strong>liquido</strong></span> <span class='ocrx_word' id='word_1_190' title='bbox 1898 3623 2231 3683; x_wconf 87' lang='lat' dir='ltr'><strong>confirmari</strong></span> <span class='ocrx_word' id='word_1_191' title='bbox 2254 3634 2523 3704; x_wconf 86' lang='lat' dir='ltr'><strong>possunt,</strong></span> 
     </span>
     <span class='ocr_line' id='line_1_27' title="bbox 286 3709 909 3791; baseline 0.01 -23"><span class='ocrx_word' id='word_1_192' title='bbox 286 3709 548 3770; x_wconf 83' lang='lat' dir='ltr'><strong>breviter</strong></span> <span class='ocrx_word' id='word_1_193' title='bbox 593 3729 909 3791; x_wconf 86' lang='lat' dir='ltr'><strong>exponam.</strong></span> 
     </span>
    </p>

    <p class='ocr_par' dir='ltr' id='par_1_8' title="bbox 286 3797 2525 4059">
     <span class='ocr_line' id='line_1_28' title="bbox 460 3797 2524 3878; baseline 0.002 -19"><span class='ocrx_word' id='word_1_194' title='bbox 460 3800 555 3860; x_wconf 88' lang='lat' dir='ltr'><strong>De</strong></span> <span class='ocrx_word' id='word_1_195' title='bbox 610 3800 845 3878; x_wconf 86' lang='lat' dir='ltr'><strong>origine</strong></span> <span class='ocrx_word' id='word_1_196' title='bbox 897 3798 1078 3859; x_wconf 89' lang='lat' dir='ltr'><strong>huius</strong></span> <span class='ocrx_word' id='word_1_197' title='bbox 1131 3797 1386 3861; x_wconf 86' lang='lat' dir='ltr'><strong>foederis</strong></span> <span class='ocrx_word' id='word_1_198' title='bbox 1443 3810 1605 3861; x_wconf 88' lang='lat' dir='ltr'><strong>certa</strong></span> <span class='ocrx_word' id='word_1_199' title='bbox 1660 3801 1882 3862; x_wconf 91' lang='lat' dir='ltr'><strong>indicia</strong></span> <span class='ocrx_word' id='word_1_200' title='bbox 1936 3800 2180 3875; x_wconf 90' lang='lat' dir='ltr'><strong>desunt,</strong></span> <span class='ocrx_word' id='word_1_201' title='bbox 2243 3801 2524 3863; x_wconf 88' lang='lat' dir='ltr'><strong>videntur</strong></span> 
     </span>
     <span class='ocr_line' id='line_1_29' title="bbox 286 3888 2525 3955; baseline 0.002 -7"><span class='ocrx_word' id='word_1_202' title='bbox 286 3897 488 3948; x_wconf 87' lang='lat' dir='ltr'><strong>tamen</strong></span> <span class='ocrx_word' id='word_1_203' title='bbox 540 3888 683 3949; x_wconf 86' lang='lat' dir='ltr'><strong>illae</strong></span> <span class='ocrx_word' id='word_1_204' title='bbox 739 3890 1013 3949; x_wconf 83' lang='lat' dir='ltr'><strong>civitates</strong></span> <span class='ocrx_word' id='word_1_205' title='bbox 1073 3890 1193 3949; x_wconf 85' lang='lat' dir='ltr'><strong>iam</strong></span> <span class='ocrx_word' id='word_1_206' title='bbox 1246 3891 1415 3951; x_wconf 87' lang='lat' dir='ltr'><strong>initio</strong></span> <span class='ocrx_word' id='word_1_207' title='bbox 1471 3911 1630 3952; x_wconf 86' lang='lat' dir='ltr'><strong>saec.</strong></span> <span class='ocrx_word' id='word_1_208' title='bbox 1679 3892 1788 3955; x_wconf 90' lang='lat'><strong>111.</strong></span> <span class='ocrx_word' id='word_1_209' title='bbox 1843 3911 1897 3952; x_wconf 88' lang='lat' dir='ltr'><strong>a.</strong></span> <span class='ocrx_word' id='word_1_210' title='bbox 1948 3890 2083 3955; x_wconf 86' lang='lat' dir='ltr'><strong>Chr.</strong></span> <span class='ocrx_word' id='word_1_211' title='bbox 2128 3889 2373 3951; x_wconf 86' lang='lat' dir='ltr'><strong>foedera</strong></span> <span class='ocrx_word' id='word_1_212' title='bbox 2418 3900 2525 3952; x_wconf 90' lang='lat' dir='ltr'><strong>aut</strong></span> 
     </span>
     <span class='ocr_line' id='line_1_30' title="bbox 294 3976 2523 4059; baseline 0.001 -21"><span class='ocrx_word' id='word_1_213' title='bbox 294 3980 626 4038; x_wconf 86' lang='lat' dir='ltr'><strong>commercii</strong></span> <span class='ocrx_word' id='word_1_214' title='bbox 674 3987 781 4039; x_wconf 90' lang='lat' dir='ltr'><strong>aut</strong></span> <span class='ocrx_word' id='word_1_215' title='bbox 824 3978 969 4039; x_wconf 89' lang='lat' dir='ltr'><strong>belli</strong></span> <span class='ocrx_word' id='word_1_216' title='bbox 1014 3976 1266 4057; x_wconf 87' lang='lat' dir='ltr'><strong>gerendi</strong></span> <span class='ocrx_word' id='word_1_217' title='bbox 1298 3999 1478 4039; x_wconf 86' lang='lat' dir='ltr'><strong>causa</strong></span> <span class='ocrx_word' id='word_1_218' title='bbox 1509 3982 1667 4041; x_wconf 90' lang='lat' dir='ltr'><strong>inter</strong></span> <span class='ocrx_word' id='word_1_219' title='bbox 1697 4001 1763 4042; x_wconf 90' lang='lat' dir='ltr'><strong>se</strong></span> <span class='ocrx_word' id='word_1_220' title='bbox 1792 3980 2013 4041; x_wconf 90' lang='lat' dir='ltr'><strong>iniisse.</strong></span> <span class='ocrx_word' id='word_1_221' title='bbox 2084 3980 2157 4039; x_wconf 90' lang='lat' dir='ltr'><strong>In</strong></span> <span class='ocrx_word' id='word_1_222' title='bbox 2185 3980 2523 4059; x_wconf 87' lang='lat' dir='ltr'><strong>fragmento</strong></span> 
     </span>
    </p>
   </div>
   <div class='ocr_carea' id='block_1_5' title="bbox 287 4065 2523 4154">
    <p class='ocr_par' dir='ltr' id='par_1_9' title="bbox 287 4065 2523 4154">
     <span class='ocr_line' id='line_1_31' title="bbox 287 4065 2523 4154; baseline 0.001 -26"><span class='ocrx_word' id='word_1_223' title='bbox 287 4070 444 4128; x_wconf 82' lang='lat' dir='ltr'><strong>enim</strong></span> <span class='ocrx_word' id='word_1_224' title='bbox 488 4068 823 4128; x_wconf 84' lang='lat' dir='ltr'><strong>Memnonis</strong></span> <span class='ocrx_word' id='word_1_225' title='bbox 871 4065 1059 4150; x_wconf 87' lang='lat' dir='ltr'><strong>(apud</strong></span> <span class='ocrx_word' id='word_1_226' title='bbox 1089 4068 1264 4132; x_wconf 82' lang='lat' dir='ltr'><strong>Phot.</strong></span> <span class='ocrx_word' id='word_1_227' title='bbox 1297 4069 1455 4132; x_wconf 89' lang='lat' dir='ltr'><strong>Bibl.</strong></span> <span class='ocrx_word' id='word_1_228' title='bbox 1506 4092 1567 4152; x_wconf 92' lang='lat' dir='ltr'><strong>p.</strong></span> <span class='ocrx_word' id='word_1_229' title='bbox 1622 4070 1839 4151; x_wconf 82' lang='lat' dir='ltr'>723R)</span> <span class='ocrx_word' id='word_1_230' title='bbox 1857 4065 1911 4154; x_wconf 74' lang='lat'><strong>²)</strong></span> <span class='ocrx_word' id='word_1_231' title='bbox 1958 4069 2185 4130; x_wconf 88' lang='lat' dir='ltr'><strong>bellum</strong></span> <span class='ocrx_word' id='word_1_232' title='bbox 2225 4068 2523 4151; x_wconf 89' lang='lat' dir='ltr'><strong>quoddam</strong></span> 
     </span>
    </p>
   </div>
   <div class='ocr_carea' id='block_1_6' title="bbox 281 4227 708 4237">
    <p class='ocr_par' dir='ltr' id='par_1_10' title="bbox 281 4227 708 4237">
     <span class='ocr_line' id='line_1_32' title="bbox 281 4227 708 4237; baseline 0 980"><span class='ocrx_word' id='word_1_233' title='bbox 281 4227 708 4237; x_wconf 95' lang='lat' dir='ltr'><strong> </strong></span> 
     </span>
    </p>
   </div>
   <div class='ocr_carea' id='block_1_7' title="bbox 285 4313 2522 4598">
    <p class='ocr_par' dir='ltr' id='par_1_11' title="bbox 285 4313 2522 4598">
     <span class='ocr_line' id='line_1_33' title="bbox 471 4313 2522 4400; baseline 0.002 -32"><span class='ocrx_word' id='word_1_234' title='bbox 471 4315 513 4386; x_wconf 83' lang='lat'><strong>²)</strong></span> <span class='ocrx_word' id='word_1_235' title='bbox 568 4317 616 4369; x_wconf 87' lang='lat' dir='ltr'>A</span> <span class='ocrx_word' id='word_1_236' title='bbox 677 4313 958 4399; x_wconf 68' lang='lat' dir='ltr'><strong>Boeckhio</strong></span> <span class='ocrx_word' id='word_1_237' title='bbox 1029 4315 1310 4400; x_wconf 69' lang='lat' dir='ltr'><strong>dissentiit</strong></span> <span class='ocrx_word' id='word_1_238' title='bbox 1327 4387 1340 4399; x_wconf 35' lang='lat'><em>⁶</em></span> <span class='ocrx_word' id='word_1_239' title='bbox 1368 4315 1585 4400; x_wconf 66' lang='lat' dir='ltr'><strong>Becker</strong></span> <span class='ocrx_word' id='word_1_240' title='bbox 1662 4313 1875 4400; x_wconf 55' lang='lat' dir='ltr'><strong>(Jahn’s</strong></span> <span class='ocrx_word' id='word_1_241' title='bbox 1934 4314 2125 4370; x_wconf 87' lang='lat' dir='ltr'><strong>Jahrb.</strong></span> <span class='ocrx_word' id='word_1_242' title='bbox 2187 4313 2373 4385; x_wconf 82' lang='lat' dir='ltr'><strong>Suppl.</strong></span> <span class='ocrx_word' id='word_1_243' title='bbox 2436 4318 2522 4387; x_wconf 86' lang='lat'><strong>19,</strong></span> 
     </span>
     <span class='ocr_line' id='line_1_34' title="bbox 288 4386 2521 4542; baseline 0.002 -30"><span class='ocrx_word' id='word_1_244' title='bbox 288 4402 340 4457; x_wconf 48' lang='lat' dir='ltr'><strong>P·</strong></span> <span class='ocrx_word' id='word_1_245' title='bbox 379 4388 996 4530; x_wconf 38' lang='lat' dir='ltr'><strong>gsszfllssllgubfgglin</strong></span> <span class='ocrx_word' id='word_1_246' title='bbox 1004 4387 1592 4527; x_wconf 45' lang='lat' dir='ltr'><strong>giawfsgzsrnssgffig</strong></span> <span class='ocrx_word' id='word_1_247' title='bbox 1623 4386 2240 4542; x_wconf 44' lang='lat' dir='ltr'><strong>ffifigpsszzotffieiegus</strong></span> <span class='ocrx_word' id='word_1_248' title='bbox 2275 4459 2521 4530; x_wconf 85' lang='lat' dir='ltr'><strong>regionis</strong></span> 
     </span>
     <span class='ocr_line' id='line_1_35' title="bbox 285 4528 2189 4598; baseline -0.001 -11"><span class='ocrx_word' id='word_1_249' title='bbox 285 4546 537 4587; x_wconf 87' lang='lat' dir='ltr'><strong>nummos</strong></span> <span class='ocrx_word' id='word_1_250' title='bbox 573 4530 684 4586; x_wconf 87' lang='lat' dir='ltr'><strong>iam</strong></span> <span class='ocrx_word' id='word_1_251' title='bbox 720 4528 1038 4598; x_wconf 73' lang='lat' dir='ltr'><strong>Lysimachi</strong></span> <span class='ocrx_word' id='word_1_252' title='bbox 1076 4534 1265 4589; x_wconf 85' lang='lat' dir='ltr'><strong>aetate</strong></span> <span class='ocrx_word' id='word_1_253' title='bbox 1301 4529 1573 4587; x_wconf 85' lang='lat' dir='ltr'><strong>exhibent.</strong></span> <span class='ocrx_word' id='word_1_254' title='bbox 1650 4530 1792 4586; x_wconf 77' lang='lat' dir='ltr'><strong>Vide</strong></span> <span class='ocrx_word' id='word_1_255' title='bbox 1826 4529 1973 4586; x_wconf 90' lang='lat' dir='ltr'><strong>Berl.</strong></span> <span class='ocrx_word' id='word_1_256' title='bbox 2012 4528 2189 4586; x_wconf 83' lang='lat' dir='ltr'><strong>Gatal.</strong></span> 
     </span>
    </p>
   </div>
   <div class='ocr_carea' id='block_1_8' title="bbox 3160 2167 3164 3896">
    <p class='ocr_par' dir='ltr' id='par_1_12' title="bbox 3160 2167 3164 3896">
     <span class='ocr_line' id='line_1_36' title="bbox 3160 2167 3164 3896; baseline 0 0"><span class='ocrx_word' id='word_1_257' title='bbox 3160 2167 3164 3896; x_wconf 95' lang='lat' dir='ltr'><strong> </strong></span> 
     </span>
    </p>
   </div>
  </div>
 </body>
</html>
