3200 5217
1612 604 1997 811 Vita.

867 896 1062 958 Natus
1107 915 1240 956 sum
1268 896 1612 956 Demetrius
1642 894 2099 974 Kalopothakes
2128 894 2385 955 Athenis
2424 893 2522 955 die
2554 897 2658 957 20.
2705 896 2924 956 mensis

688 988 951 1066 Augusti
983 1005 1141 1047 anno
1186 985 1244 1046 h.
1292 1006 1338 1046 s.
1388 984 1626 1046 LXVII
1670 993 1844 1065 patre
1888 983 2147 1044 Michael
2192 986 2323 1045 cive
2372 985 2688 1066 Spartano,
2735 995 2925 1047 matre

689 1076 945 1152 Martha,
993 1096 1028 1138 e
1057 1085 1241 1155 gente
1265 1074 1564 1150 Blackler,
1615 1095 1796 1155 quam
1827 1073 1972 1134 mihi
2017 1084 2359 1150 prematura
2392 1084 2582 1135 morte
2613 1076 2924 1156 abreptam

690 1186 820 1227 esse
878 1164 1057 1227 valde
1112 1164 1301 1227 doleo.
1395 1163 1569 1225 Fidei
1618 1163 1893 1224 addictus
1937 1184 2069 1225 sum
2115 1164 2519 1244 evangelicae.

865 1256 1229 1316 Litterarum
1275 1254 1583 1316 elementis
1637 1253 1904 1314 imbutus
1949 1255 2012 1313 in
2058 1253 2260 1314 schola
2312 1275 2372 1316 v.
2421 1254 2477 1316 d.
2526 1253 2754 1334 Georgi
2799 1256 2921 1315 Ma-

688 1346 842 1420 nusi,
891 1344 1271 1425 gymnasium
1318 1342 1535 1405 deinde
1579 1342 1955 1404 Atheniense
1985 1343 2097 1406 III.
2131 1344 2530 1425 frequentavi,
2589 1345 2747 1425 quod
2795 1355 2921 1404 tum

688 1433 802 1496 sub
873 1436 1154 1515 auspiciis
1221 1455 1278 1498 v.
1344 1432 1402 1494 d.
1472 1432 2042 1513 Grammaticopouli
2111 1433 2393 1513 florebat,
2472 1454 2666 1515 usque
2734 1434 2810 1494 ad
2868 1455 2920 1497 a.

689 1524 1052 1603 LXXXIII,
1088 1544 1207 1605 quo
1241 1524 1643 1585 testimonium
1673 1524 2035 1583 maturitatis
2066 1534 2275 1584 nactus
2304 1544 2454 1588 sum.
2502 1522 2732 1584 Eodem
2763 1544 2919 1584 anno

691 1624 938 1696 propter
961 1615 1224 1695 corporis
1251 1613 1656 1674 infirmitatem
1685 1615 1751 1673 in
1773 1614 2109 1674 Americam
2142 1614 2464 1694 profectuS,
2499 1634 2552 1675 a.
2588 1612 2921 1675 LXXXIV

693 1704 925 1764 civibus
956 1703 1312 1765 academicis
1341 1703 1755 1764 universitatis
1786 1701 2245 1763 Harvardianae
2279 1702 2791 1781 Cantabrigiensis
2821 1702 2920 1764 ad·

691 1795 944 1874 scriptus
989 1814 1147 1874 sum3
1194 1793 1302 1854 ubi
1347 1813 1457 1873 per
1503 1802 1785 1873 quattuor
1831 1812 2017 1853 annos
2062 1791 2274 1853 studiis
2321 1794 2642 1872 praecipue
2687 1792 2920 1854 histori-

691 1884 777 1945 cis
817 1892 1002 1963 atque
1030 1883 1407 1962 philologieis
1437 1903 1534 1944 me
1564 1881 1703 1943 dedi
1734 1902 2017 1963 annoque
2045 1882 2442 1944 LXXXVIII
2486 1882 2742 1961 gradum
2772 1884 2919 1944 Bac-

692 1972 956 2034 calaurei
985 1973 1223 2033 Artium
1268 1973 1605 2033 liberalium
1637 1972 1891 2053 adeptus
1937 1972 2014 2031 ad
2058 1972 2216 2033 lares
2260 1993 2423 2033 meos
2454 1972 2621 2033 redii.
2684 1971 2920 2034 Deinde

691 2082 827 2122 cum
885 2083 994 2143 per
1047 2063 1266 2141 viginti
1320 2082 1553 2124 menses
1610 2063 1863 2143 privatis
1916 2064 2113 2122 causis
2170 2061 2329 2122 domi
2383 2071 2650 2123 retentus
2707 2083 2916 2135 essem,

689 2150 904 2213 studiis
946 2162 1145 2212 autem
1193 2151 1662 2231 archaeologicis
1693 2172 1937 2233 operam
1969 2153 2203 2213 interim
2236 2149 2550 2225 dedissem,
2583 2151 2926 2213 Berolinum

691 2261 833 2302 vere
879 2262 932 2305 a.
979 2240 1291 2302 LXXXX
1335 2242 1660 2322 profectuS,
1706 2243 1862 2302 inter
1908 2244 2068 2302 cives
2115 2240 2483 2301 academicos
2521 2243 2927 2303 universitatis

691 2329 1401 2392 Fridericae-Guilelmae
1444 2341 1723 2414 receptus
1779 2352 1937 2407 sum,
1995 2351 2228 2413 perque
2283 2333 2478 2392 sexies
2534 2351 2642 2392 sex
2696 2352 2930 2393 menses

692 2419 905 2482 studiis
951 2421 1266 2496 historicis,
1315 2421 1734 2504 philologieis,
1771 2422 2239 2498 archaeologicis
2284 2422 2550 2482 incubui.

872 2511 1226 2575 Docuerunt
1270 2531 1366 2572 me
1413 2513 1475 2571 in
1521 2512 1637 2571 hac
1682 2512 2073 2572 universitate
2119 2533 2222 2571 vv.
2280 2510 2377 2572 dd.
2425 2510 2688 2587 Curtius,
2736 2512 2924 2593 Diels,

691 2600 966 2680 Dilthey‚
1039 2599 1410 2676 Hirschfeld,
1485 2601 1758 2677 Kekule,
1820 2600 2168 2675 Kirchhoff,
2232 2601 2530 2677 Koehler‚
2593 2602 2927 2677 Rothstein,

690 2690 1325 2764 Scheffer·Boichorst‚
1374 2690 1637 2752 Vahlen.
1740 2691 2286 2752 Exercitationibus
2345 2691 2637 2752 historicis
2694 2702 2754 2752 et
2811 2693 2929 2773 epi·

689 2780 994 2861 graphicis
1038 2778 1408 2840 Hirschfeldi
1454 2800 1563 2861 per
1609 2800 1716 2841 sex
1761 2783 2087 2856 semestria‚
2140 2780 2437 2841 historicis
2484 2781 2770 2843 Koehleri
2825 2803 2933 2859 per

691 2871 825 2947 tria,
876 2869 1256 2951 philologieis
1280 2869 1544 2931 Vahleni
1574 2891 1683 2951 per
1712 2872 1846 2945 tria,
1880 2871 2344 2949 archaeologicis
2376 2872 2641 2932 Kekulei
2672 2893 2781 2953 per
2812 2871 2931 2932 duo

689 2961 999 3022 semestria
1040 2960 1271 3019 fructus
1316 2980 1464 3020 sum.

873 3049 1039 3127 Quos
1097 3069 1302 3109 omnes
1357 3051 1518 3110 viros
1575 3048 1970 3132 doctissimos,
2030 3052 2135 3131 qui
2189 3071 2419 3111 summa
2466 3071 2598 3112 cum
2655 3053 2929 3114 comitate

694 3159 768 3199 ac
801 3138 1163 3200 liberalitate
1193 3140 1255 3199 in
1289 3138 1503 3200 studiis
1533 3140 1681 3200 meis
1713 3160 1808 3200 me
1849 3140 2228 3223 adiuverunt,
2279 3143 2650 3221 potissimum
2673 3142 2927 3203 ‚Hirsch-

694 3228 962 3311 feldium,
995 3229 1383 3307 Kekuleium,
1417 3228 1804 3305 Koehlerum,
1840 3230 2195 3309 Vahlenum‚
2230 3233 2334 3310 qui
2366 3229 2442 3290 ad
2474 3233 2929 3292 exercitationes

693 3339 833 3380 suas
878 3318 1144 3398 benigne
1187 3339 1282 3379 me
1329 3318 1719 3395 admiserunt,
1767 3328 1939 3399 grato
1988 3340 2220 3401 semper
2268 3320 2458 3381 colam
2503 3323 2720 3386 animo.

869 3409 1166 3488 Imprimis
1223 3429 1364 3469 vero
1411 3408 1842 3485 Hirschfeldio‚
1901 3431 1939 3470 a
1995 3430 2114 3491 quo
2161 3420 2486 3471 commotus
2533 3421 2718 3492 atque
2770 3412 2930 3472 omni

696 3497 871 3559 modo
918 3518 1271 3578 summaque
1325 3498 1703 3577 benignitate
1748 3500 1989 3562 adiutus
2042 3499 2201 3561 hanc
2254 3500 2728 3563 dissertationem
2789 3522 2928 3563 con·

693 3588 919 3666 scripsi,
965 3590 1287 3650 maximam
1332 3591 1587 3668 gratiam
1636 3589 1832 3651 habeo
1878 3611 2233 3671 semperque
2276 3590 2534 3653 habebo.
