3200 5217
1084 463 1093 498 Ι

1472 502 1912 559 ...12-

558 680 703 744 alibi
762 688 962 742 autem
1019 678 1107 763 (p.
1172 678 1328 765 661)
1385 681 1755 760 provinciam
1804 678 2266 759 Hellespontum
2321 680 2433 740 sub
2481 680 2811 749 consulari

556 790 686 832 esse
716 770 860 831 dicit
904 770 1000 852 (cf.
1033 772 1155 832 Not
1178 771 1342 850 dign.
1376 790 1460 831 or.
1496 774 1550 850 1,
1590 768 1718 851 21),
1753 777 1953 829 noster
1984 778 2186 829 tamen
2216 770 2425 831 titulus
2456 765 2810 848 ἡγούμενον

562 858 952 945 (praesidem)
984 861 1372 942 Hellesponti
1403 859 1669 920 exhibet.
1746 858 1999 919 Accedit
2030 858 2193 940 quod
2224 861 2464 920 nomina
2494 861 2809 941 imperato-

556 970 690 1010 rum
735 969 907 1010 erasa
953 959 1212 1011 aetatem
1271 948 1536 1010 indicant
1596 957 1703 1010 aut
1763 957 1903 1008 ante
1949 949 2391 1010 Diocletianum
2458 959 2565 1010 aut
2626 951 2811 1030 ipsius

556 1041 940 1102 Diocletiani.
961 1041 1007 1119 1)

734 1129 907 1206 Quae
963 1133 1160 1190 omnia
1215 1138 1574 1209 argumenta
1634 1148 1816 1209 quam
1872 1129 2165 1188 rationem
2212 1129 2367 1189 inter
2414 1149 2479 1189 se
2523 1128 2808 1204 habeant,

556 1220 606 1280 si
654 1220 927 1300 quaeris:

737 1309 1143 1370 Chersonesus
1174 1309 1456 1383 Thracia,
1511 1330 1669 1389 quae
1717 1315 1916 1371 aetate
1946 1306 2249 1370 Ciceronis
2297 1307 2409 1368 sub
2458 1309 2811 1389 proconsule

557 1397 944 1459 Macedoniae
988 1400 1186 1460 fuerat
1204 1395 1276 1481 2),
1327 1399 1637 1478 Agrippae
1682 1398 2015 1461 hereditate
2052 1395 2129 1456 ad
2162 1398 2508 1475 Augustum
2539 1400 2814 1474 pervenit

561 1496 621 1549 et
665 1487 1039 1569 aliquamdiu
1084 1490 1146 1548 in
1192 1509 1256 1548 re
1297 1488 1575 1548 familiari
1607 1492 2028 1570 imperatorum
2059 1487 2192 1548 fuit.
2264 1488 2446 1548 Brevi
2478 1497 2811 1548 ceterarum

557 1579 1001 1658 provinciarum
1050 1588 1271 1639 statum
1321 1580 1570 1659 accepit,
1623 1600 1757 1639 cum
1802 1581 1923 1638 iam
1967 1578 2303 1657 proprietas
2350 1578 2727 1658 imperatoris
2776 1597 2812 1635 a

557 1669 927 1748 proprietate
987 1689 1044 1747 p.
1097 1669 1168 1728 R.
1220 1667 1508 1747 distingui
1556 1666 1885 1742 desineret,
1961 1676 2031 1726 ut
2075 1668 2423 1746 praesertim
2469 1668 2534 1726 in
2579 1666 2813 1727 distinc-

556 1759 722 1817 tione
771 1759 928 1841 fisoi
991 1766 1052 1817 et
1115 1759 1362 1826 aerarii
1423 1758 1646 1817 factum
1709 1778 1842 1819 esse
1901 1763 2148 1817 constat.
2253 1756 2411 1816 Tum
2468 1758 2813 1837 provinciae

556 1848 740 1906 Asiae
810 1847 908 1907 vel
968 1867 1138 1927 prov.
1201 1847 1595 1928 Hellesponto
1657 1847 1861 1908 addita
1931 1857 2020 1907 est
2075 1845 2506 1921 Chersonesus,
2582 1856 2650 1906 ut
2703 1867 2814 1926 par

557 1946 712 2011 erat,
776 1957 908 1996 cum
963 1936 1143 1997 urbes
1197 1938 1325 1997 eius
1380 1938 1506 1997 fere
1564 1958 1767 1998 omnes
1822 1935 1897 1996 ad
1954 1936 2164 2010 Asiae,
2223 1956 2342 1995 non
2400 1934 2478 1995 ad
2523 1935 2816 1995 Thraciae

557 2026 733 2085 litora
794 2034 1164 2105 spectarent3
1230 2027 1468 2087 saeculo
1534 2028 1646 2088 ΙΙΙ.
1709 2036 1966 2087 exeunte
2023 2026 2333 2105 provincia
2385 2025 2814 2105 Hellespontus

563 2113 899 2194 praesidem
947 2118 1198 2196 accepit.

742 2204 1069 2280 Quaerenti
1116 2204 1377 2286 denique
1422 2207 1587 2279 mihi,
1640 2226 1760 2286 quo
1807 2214 2073 2285 tempore
2121 2204 2526 2265 Chersonesus
2572 2206 2637 2263 in
2681 2225 2813 2285 pos-

561 2296 822 2354 sessione
891 2295 1156 2355 familiae
1224 2297 1600 2376 imperatoris
1671 2316 1800 2356 esse
1875 2293 2143 2366 desierit,
2218 2292 2495 2353 videntur
2555 2294 2669 2354 loci
2725 2294 2815 2353 illi

557 2384 858 2444 Eustathii
884 2379 962 2463 3),
1044 2394 1105 2444 et
1180 2385 1438 2445 Malalae
1453 2381 1502 2463 4)
1588 2387 1652 2444 in
1744 2385 1963 2465 quibus
2039 2403 2200 2443 recte
2274 2405 2374 2444 VV.
2458 2382 2554 2446 dd.
2636 2384 2814 2443 offen·

559 2473 779 2534 derunt
838 2473 936 2553 (cf.
994 2473 1350 2555 Marquardt
1411 2480 1469 2549 1,
1531 2474 1705 2557 315),
1766 2471 1994 2555 aliquid
2049 2473 2200 2533 lucis
2252 2474 2317 2531 in
2373 2482 2635 2532 nostram
2690 2493 2814 2533 rem

743 2668 788 2734 1)
826 2666 968 2721 Nam
1023 2673 1152 2735 post
1198 2667 1607 2722 Diocletianum
1664 2682 1825 2722 erasa
1876 2671 2004 2721 sunt
2057 2665 2113 2720 in
2167 2665 2535 2721 monumentis
2589 2665 2810 2720 nomina

572 2754 758 2794 eorum
798 2743 1034 2807 tantum,
1075 2738 1316 2806 quicum
1343 2737 1704 2794 Constantino
1730 2739 1935 2808 Magno
1976 2738 2042 2793 de
2080 2737 2308 2806 imperio
2347 2737 2495 2792 orbis
2532 2742 2808 2793 terrarum

569 2819 962 2880 pugnaverunt
1023 2818 1081 2864 et
1138 2815 1434 2879 praeterea
1505 2810 1857 2865 Constantini
1913 2809 1995 2877 ΙΙ,
2059 2807 2407 2877 Constantis,
2472 2808 2800 2879 Magnentii‚

573 2882 802 2936 Maximi
838 2881 912 2939 11.
988 2882 1071 2937 De
1109 2882 1431 2952 Magnentio
1471 2889 1570 2937 aut
1606 2882 1848 2936 Maximo
1886 2881 1975 2935 hic
2014 2880 2252 2950 cogitari
2287 2897 2397 2935 non
2433 2886 2644 2950 potest,
2683 2896 2803 2935 cum

564 2954 670 3009 hae
708 2952 1024 3023 provinciae
1061 2968 1357 3020 numquam
1394 2954 1450 3008 in
1490 2969 1679 3009 eorum
1710 2957 1995 3021 potestate
2021 2951 2247 3007 fuerint.
2312 2951 2706 3007 Constantinus
2732 2952 2804 3018 11,

567 3029 626 3080 et
644 3025 920 3082 Constans
942 3040 1051 3078 una
1073 3040 1193 3078 cum
1208 3024 1384 3079 fratre
1402 3024 1727 3080 Constantio
1743 3024 1801 3078 II
1814 3024 2241 3093 imperaverunt,
2260 3029 2453 3078 noster
2468 3039 2599 3078 vero
2615 3023 2809 3078 titulos

563 3095 700 3151 duos
736 3097 1107 3165 imperatores
1148 3095 1385 3151 exhibet.
1444 3098 1587 3152 Item
1614 3096 1902 3163 Licinium,
1942 3094 2296 3160 Maxentium,
2335 3094 2693 3150 Maximinum
2730 3096 2803 3162 11,

564 3168 878 3230 Galerium,
930 3167 1322 3222 Maximianum
1361 3167 1418 3221 11
1467 3167 1558 3222 hic
1603 3167 1876 3222 nominari
1920 3182 2114 3236 parum
2152 3166 2455 3222 verisimile
2493 3173 2595 3222 est.
2669 3166 2800 3221 Dio-

564 3239 787 3295 cletiani
837 3255 1035 3294 nomen
1085 3245 1302 3293 tantum
1351 3240 1406 3293 in
1456 3239 1640 3294 titulis
1679 3238 1956 3294 Africanis
2011 3246 2068 3293 et
2103 3237 2421 3306 Hispanicis
2459 3253 2678 3293 erasum
2716 3242 2806 3292 est

565 3312 910 3380 (Mommsen,
949 3309 1088 3378 Eph.
1117 3310 1216 3379 Ep.
1240 3312 1289 3378 1,
1327 3327 1380 3379 p.
1411 3312 1552 3381 123).
1617 3312 1812 3378 Itaque
1839 3311 1943 3364 duo
1969 3309 2353 3378 imperatoreS,
2392 3308 2485 3377 qui
2521 3308 2580 3364 in
2617 3315 2805 3364 nostro

576 3382 744 3436 titulo
782 3381 1051 3436 nominati
1089 3386 1266 3448 erant,
1304 3387 1403 3436 aut
1441 3383 1617 3437 Carus
1649 3389 1707 3437 et
1733 3380 1985 3448 Carinus,
2025 3385 2123 3435 aut
2159 3381 2359 3435 Decius
2399 3386 2456 3435 et
2480 3380 2809 3447 Herennius,

567 3459 668 3508 aut
687 3452 948 3522 Philippi,
979 3458 1078 3508 aut
1104 3452 1437 3507 Maximinus
1458 3458 1515 3507 et
1535 3453 1823 3518 MaximuS,
1844 3456 1944 3507 aut
1966 3452 2242 3506 Macrinus
2263 3458 2322 3508 et
2340 3451 2811 3507 Diadumenianus

569 3530 714 3580 sunt.
780 3523 863 3578 Cf.
892 3525 1127 3594 Cagnat,
1156 3524 1330 3580 Cours
1364 3524 1414 3578 d’
1442 3525 1785 3594 epigraphis,
1811 3541 1862 3593 p.
1893 3525 2013 3579 168.
2076 3521 2220 3578 Num
2245 3528 2377 3579 aute
2404 3524 2810 3579 Diocletianum

571 3611 750 3652 novae
769 3595 1084 3664 provinciae
1107 3596 1446 3651 constitutae
1468 3597 1597 3663 sint,
1619 3611 1812 3665 parum
1830 3595 2008 3663 liquet
2026 3610 2203 3662 neque
2223 3613 2312 3663 vv.
2332 3595 2419 3650 dd.
2441 3596 2808 3651 consentiunt.

563 3667 649 3723 De
688 3683 794 3734 qua
829 3682 891 3722 re
928 3666 1107 3721 fusius
1133 3667 1254 3736 egit
1278 3667 1460 3734 Kuhn,
1498 3668 1847 3736 Verfassung
1890 3671 1944 3735 2,
1975 3669 2109 3737 2063
2150 3667 2218 3723 cf.
2248 3666 2591 3734 Marquardt,
2631 3669 2679 3733 1,
2705 3667 2809 3721 316

575 3738 852 3864 adn0t3d3.
928 3738 1164 3793 Praeses
1201 3745 1388 3794 tamen
1425 3738 1775 3808 Hellesponti
1813 3738 1933 3805 ille,
1986 3738 2079 3806 qui
2126 3738 2294 3793 aliter
2329 3738 2680 3807 accipiendus
2717 3738 2808 3805 sit,

570 3826 678 3865 non
716 3826 772 3864 vi
813 3826 892 3865 eo.

746 3881 790 3950 2)
828 3883 889 3935 In
927 3881 1110 3936 Pison.
1151 3883 1236 3948 35,
1275 3883 1360 3938 86.

749 3954 791 4023 3)
830 3953 921 4007 Ad
957 3953 1180 4022 Dionys.
1224 3957 1353 4009 270:
1396 3954 1665 4023 „Ka'xstvo
1692 3950 1749 4005 δὲ
1773 3956 2066 4021 γνωστέον,
2106 3952 2192 4004 ὅτι
2218 3951 2451 4021 Εὐρώπη
2486 3954 2589 4019 μὲν
2625 3953 2810 4003 πάντα

567 4025 637 4076 τοὶ
683 4024 821 4076 κατὰ
868 4021 1019 4076 δυ’σιν
1055 4025 1371 4097 ἀρξαμένοις
1408 4026 1518 4077 ἀπὸ
1553 4023 1964 4089 (Ελλησπόντου.
2045 4027 2108 4075 Οἱ
2146 4021 2203 4075 δὲ
2239 4022 2460 4074 παλαιοί
2496 4044 2701 4093 φασιν,Α
2729 4022 2813 4074 ὅτι

571 4096 960 4151 Οὐεσπασιανὸς
997 4098 1205 4168 ἐχώρισε
1243 4096 1345 4162 τὴν
1384 4098 1600 4166 Θρᾴκην
1636 4096 1733 4147 ἀπ’
1771 4096 1983 4162 αὖτῆς.“
2060 4095 2142 4151 Cf.
2182 4113 2232 4149 V.
2272 4097 2394 4149 323.

748 4167 796 4238 4)
834 4168 981 4223 Libr.
1008 4168 1074 4234 X,
1114 4186 1162 4237 p.
1192 4172 1320 4223 262:
1364 4171 1508 4237 „Kal
1545 4168 1647 4234 τὴν
1683 4167 1953 4240 Εὐρώπην
1988 4166 2100 4218 ἀπὸ
2136 4167 2340 4236 Θράκης
2378 4166 2596 4237 ἐμέρισε,
2637 4169 2813 4219 κτίσας

568 4237 890 4311 “Ηροίκλειαν
913 4237 1093 4298 πόλιν,
1131 4241 1232 4306 τήν
1255 4240 1442 4312 πρῴην
1468 4238 1761 4308 λεγομένην
1788 4239 2107 4311 Πείρινθον,
2147 4237 2339 4304 ἥντινα
2375 4238 2579 4302 ἐποίησε
2616 4237 2811 4309 μητρό-

569 4310 750 4370 πολιν,
790 4309 912 4366 δοὺς
945 4311 1082 4375 αὐτῇ
1107 4310 1395 4382 ἄρχοντα.“
1462 4310 1620 4377 Quod
1642 4310 2020 4367 testimonium
2046 4309 2152 4366 soli
2177 4309 2488 4364 Paranikae
2512 4309 2808 4377 persuasit,
2868 4353 2876 4366 .

576 4383 979 4438 Chersonesum
1026 4383 1342 4451 provinciae
1380 4383 1638 4451 Europae
1687 4383 1786 4438 sub
1824 4382 2165 4452 Vespasiano
2212 4381 2458 4436 additam
2511 4381 2663 4436 esse!
2727 4379 2810 4437 Cf.

574 4454 801 4524 Procop.
844 4454 1024 4510 Aedis.
1063 4470 1116 4524 p.
1144 4455 1265 4511 298.
