3200 5217
1540 507 1982 573 ...46⁴

825 684 1068 751 Serdica
1113 709 1150 749 a
1196 686 1461 750 Traiano
1520 689 1763 751 condita
1809 699 1926 766 est,
1986 689 2149 752 unde
2197 698 2258 751 et
2302 702 2634 771 cognomen
2689 683 2893 777 Ulpia

644 778 858 840 habuit
904 778 1063 863 (CIL
1113 781 1182 854 3,
1239 801 1298 859 p.
1353 779 1563 860 1337).
1660 782 2007 842 Ammianus
2056 778 2201 864 (21,
2257 782 2367 856 10,
2420 780 2485 866 3)
2548 783 2892 862 „civitatem

647 869 907 951 amplam
954 879 1015 929 et
1060 869 1341 930 nobilen“
1397 870 1688 950 appellat.
1737 871 1920 931 Anno
1965 870 2091 931 fere
2143 871 2267 932 275
2317 868 2701 950 μητρόπολις
2730 872 2894 932 facta

645 970 734 1019 est
800 979 997 1019 novae
1066 959 1414 1039 provinciae
1482 960 1709 1032 Daciae
1780 959 2257 1021 Mediterraneae
2326 958 2621 1045 (Hierocl.
2686 961 2726 1022 1.
2792 962 2892 1041 c.).

644 1049 895 1110 Prorsus
956 1069 1099 1109 vero
1161 1048 1525 1110 reiciendum
1589 1059 1699 1124 est,
1764 1049 1929 1129 quod
1989 1071 2088 1111 vv.
2147 1048 2245 1112 dd.
2295 1050 2518 1111 Kanitz
2579 1053 2664 1127 (2,
2716 1051 2887 1132 206),

643 1139 897 1219 Kiepert
966 1138 1316 1219 (Lehrbuch
1384 1159 1443 1218 p.
1493 1140 1671 1218 329),
1742 1140 1785 1201 J
1787 1139 1993 1200 irecek
2007 1139 2056 1222 1)
2123 1147 2491 1214 statuerunt,
2557 1160 2891 1220 cognomen

642 1228 868 1308 Ulpiae
915 1238 1107 1288 ortum
1154 1248 1286 1289 esse
1331 1249 1368 1288 a
1413 1229 1523 1288 col.
1568 1228 1756 1308 Ulpia
1795 1230 2021 1289 Dacica
2062 1229 2584 1308 Sarmizegethusa
2631 1250 2702 1290 eo
2748 1240 2889 1290 tem-

644 1338 809 1397 pore,
876 1338 994 1398 quo
1051 1317 1284 1378 incolae
1329 1318 1556 1377 Daciae
1613 1318 1690 1377 ab
1735 1319 1879 1398 imp.
1928 1319 2254 1380 Aureliano
2314 1320 2379 1379 in
2439 1339 2627 1379 novas
2672 1319 2889 1381 Dacias

643 1409 965 1486 Ripensem
1034 1417 1095 1465 et
1157 1406 1660 1468 Mediterraneam
1722 1410 1998 1469 translati
2060 1416 2217 1470 sunt.
2336 1409 2494 1469 Nam
2558 1429 2891 1487 cognomen

657 1497 854 1582 Ulpia
897 1498 963 1556 in
1008 1497 1414 1577 compluribus
1459 1495 1742 1559 Serdicae
1787 1498 1979 1558 titulis
2025 1507 2086 1558 et
2130 1499 2387 1559 nummis
2432 1500 2553 1560 iam
2600 1497 2703 1559 diu
2749 1507 2890 1559 ante

648 1587 963 1646 Aureliani
994 1596 1253 1647 aetatem
1283 1586 1535 1667 legitur;
1583 1586 1747 1661 vide,
1782 1589 1902 1648 alia
1933 1597 2003 1649 ut
2033 1590 2322 1664 omittam,
2357 1589 2644 1663 Mionnet,
2680 1588 2887 1668 Suppl.

648 1678 705 1753 2,
756 1697 813 1756 p.
848 1679 998 1752 484,
1050 1678 1198 1752 485,
1248 1698 1350 1736 nn.
1407 1678 1577 1739 1655
1612 1675 1877 1762 (Marci),
1917 1681 2096 1784 1661
2150 1699 2240 1759 sq.
2280 1678 2467 1759 (Sept.
2503 1677 2737 1759 Severi)
2779 1690 2887 1743 etc.

648 1774 709 1824 et
755 1766 959 1826 titulos
1006 1786 1189 1846 supra
1235 1765 1529 1830 laudatos.

709 1919 714 1924 ,
823 1857 1062 1916 Moenia
1110 1864 1170 1916 et
1216 1864 1428 1932 turres,
1478 1877 1733 1937 quorum
1763 1857 2051 1937 reliquias
2085 1856 2401 1937 descripsit
2431 1858 2655 1918 Kanitz
2687 1858 2751 1940 (l.
2785 1878 2833 1920 c.
2838 1855 2885 1941 )‚

645 1947 859 2005 aetatis
907 1944 1224 2005 Aureliani
1268 1945 1552 2006 videntur
1598 1967 1748 2011 esse.

825 2033 1252 2096 Constantinus
1283 2037 1543 2114 Magnus
1588 2034 1846 2097 traditur
1884 2037 1971 2096 ita
2000 2036 2306 2097 Serdicam
2348 2036 2646 2112 dilexisse,
2695 2047 2764 2097 ut
2807 2037 2889 2097 ibi

644 2144 869 2185 novum
938 2126 1174 2204 imperii
1245 2134 1428 2205 caput
1503 2126 1794 2187 collocare
1862 2128 2055 2206 primo
2123 2127 2384 2188 voluerit
2456 2127 2652 2206 (ΒΗΘ
2710 2131 2776 2205 4,
2826 2147 2885 2206 p.

646 2216 794 2289 199,
851 2215 977 2296 15).

777 2306 780 2310 ’
1596 2301 1944 2388 Topirus.

818 2412 1062 2474 Nummi
1109 2413 1186 2473 ab
1235 2414 1539 2475 Antonino
1585 2415 1696 2476 Pio
1744 2435 1940 2495 usque
1987 2413 2066 2474 ad
2111 2414 2534 2494 Elagabalum.

820 2502 1011 2563 Tituli
1057 2502 1211 2562 nulli
1254 2512 1413 2564 sunt.

822 2592 1079 2676 Topirus
1124 2594 1400 2673 primum,
1451 2592 1615 2674 quod
1659 2595 1860 2670 sciam,
1911 2615 1949 2654 a
1992 2594 2289 2656 Strabone
2333 2597 2414 2676 (p.
2462 2595 2611 2677 331,
2659 2594 2731 2657 fr.
2771 2595 2884 2655 45:

655 2679 734 2743 Τὰ
802 2680 1089 2761 Τόπειροι)
1155 2694 1663 2747 commemoratur.
1757 2682 1992 2746 Deinde
2040 2705 2078 2744 a
2122 2684 2277 2748 Plin.
2330 2689 2403 2762 4,
2458 2686 2574 2745 42:
2623 2683 2886 2766 Topirus

645 2774 881 2848 civitas;
929 2773 1083 2835 Ptol.
1136 2776 1195 2847 3,
1250 2777 1361 2850 113
1415 2776 1524 2833 11:
1582 2778 1841 2852 Τοπιρίς.

825 2861 1087 2944 Reliqua
1118 2863 1459 2924 testimonia
1488 2865 1762 2924 invenies
1794 2862 1958 2945 apud
1990 2862 2052 2928 O.
2087 2864 2322 2940 ΜῆΙΙθι,
2356 2863 2434 2924 ad
2456 2864 2610 2926 Ptol.
2646 2886 2706 2945 p.
2736 2865 2880 2924 486.

1495 3038 2043 3127 Traianopolis.

827 3149 956 3211 Sita
1003 3160 1132 3211 erat
1176 3152 1242 3210 in
1289 3171 1528 3233 campo,
1579 3153 1685 3233 qui
1729 3153 1885 3212 inter
1929 3153 2093 3211 vicos
2134 3150 2314 3212 hodie
2357 3150 2783 3237 Ouroumdjik
2809 3149 2887 3210 'et

648 3241 999 3327 Lidjakeui
1053 3241 1388 3321 appellatos
1434 3250 1630 3322 patet,
1689 3262 1809 3301 non
1869 3242 2053 3320 longe
2110 3262 2146 3301 a
2192 3243 2323 3301 riva
2368 3241 2561 3301 Hebri
2605 3241 2882 3314 fluminis,

652 3352 775 3391 una
821 3331 969 3390 hora
1014 3351 1051 3389 a
1096 3331 1271 3390 litore
1314 3332 1549 3409 Aegaei
1595 3332 1779 3391 Maris
1835 3330 2081 3391 distans.
2174 3332 2469 3406 Dumont,
2535 3352 2597 3412 p.
2649 3332 2776 3389 224
2824 3337 2885 3389 et

648 3423 801 3495 494,
851 3421 955 3499 qui
1001 3419 1194 3480 fusius
1244 3418 1317 3480 de
1361 3421 1633 3501 reliquiis
1681 3431 1741 3480 et
1786 3422 1904 3480 situ
1953 3422 2093 3500 egit.

821 3510 1094 3569 Nummi:
1155 3513 1969 3584 ΤΡΑΙΑΝΟΠΟΔΕΙΤῼΝ,
2021 3513 2406 3571 ΟῩΛΠΙΛΝ
2422 3556 2437 3572 .
2480 3512 2717 3571 ΤΡΑΙΑ
2738 3561 2750 3573 .
2781 3554 2795 3570 .
2824 3555 2838 3569 .
2868 3554 2882 3569 .

648 3602 703 3660 A
753 3600 1018 3659 Traiano
1064 3619 1258 3679 usque
1312 3599 1391 3658 ad
1438 3599 1807 3660 Gordianum
1853 3600 2048 3659 Pium.
2141 3600 2457 3680 Nusquam
2519 3598 2718 3660 adhuc
2774 3598 2882 3658 dis·

646 3690 820 3749 tincti
882 3698 1020 3749 sunt
1078 3690 1302 3748 nummi
1364 3690 1779 3769 Traianopolis
1842 3697 2027 3769 atque
2084 3690 2247 3768 Aug.
2312 3690 2615 3750 Traianae
2677 3689 2885 3770 (supra

644 3800 701 3860 p.
756 3777 894 3857 28),
944 3779 1061 3838 nisi
1107 3798 1145 3837 a
1193 3779 1439 3840 Salletio
1487 3781 1550 3838 in
1599 3779 1792 3841 Catal.
1841 3779 2038 3840 Berol.

824 3867 1039 3927 Tituli:
1089 3868 1356 3928 Dumont
1394 3890 1497 3933 nn.
1540 3870 1908 3944 107-110,
1956 3869 2207 3928 fortasse
2238 3868 2417 3928 etiam
2456 3870 2653 3929 110⁸.
2726 3866 2883 3949 Eph.

648 3958 762 4038 Ep.
812 3959 872 4032 4,
925 3958 1074 4032 895,
1126 3959 1238 4018 37:
1288 3957 1590 4038 Ulp(ia)..
1616 4005 1629 4018 .
1704 3959 1914 4038 Traip,
1966 3959 2078 4017 25:
2134 3957 2361 4019 Larcus
2408 3958 2654 4038 Traipo.
2746 3958 2885 4019 Per-

646 4067 852 4128 peram
916 4055 1037 4106 tam
1083 4048 1434 4127 compilator
1494 4007 1707 4108 indicis
1754 4049 1909 4127 Eph.
1959 4049 2067 4124 Ep.
2125 4050 2166 4106 4
2229 4067 2410 4128 quam
2464 4047 2742 4109 Homolle
2797 4047 2882 4128 (p.

646 4137 772 4197 487
830 4156 888 4199 n.
950 4137 988 4196 3
1038 4142 1100 4196 et
1146 4138 1209 4216 4)
1274 4136 1421 4197 duos
1483 4137 1690 4198 titulos
1752 4139 1913 4215 Aug.
1978 4138 2282 4197 Traianae
2344 4136 2577 4220 (Aug..
2654 4138 2885 4215 ‚Trai)

643 4226 1035 4306 Traianopoli
1078 4227 1437 4287 tribuerunt.

827 4400 871 4472 ⁴)
907 4400 1270 4458 Heerstrasse
1307 4407 1413 4459 etc.
1451 4417 1504 4472 p.
1530 4403 1603 4457 2ss
1639 4407 1698 4457 et
1724 4415 1860 4471 quos
1896 4399 1993 4458 ille
2017 4400 2214 4476 laudat
2238 4407 2512 4504 auctores,
2550 4401 2810 4459 Mannert
2835 4401 2884 4474 7,

647 4473 701 4565 9,
739 4476 772 4530 6
811 4478 870 4530 et
904 4473 1151 4545 Roesler,
1186 4471 1343 4531 Boin.
1384 4472 1534 4530 Stud.
1572 4491 1626 4545 p.
1652 4474 1738 4532 52.
2903 4493 2910 4501 ⁸
