3200 5217
1520 524 1960 591 ...Μ-ε

797 701 1042 769 Nummi
1102 729 1139 768 a
1201 703 1462 768 Traiano
1523 725 1719 788 usque
1780 707 1856 768 ad
1912 707 2260 788 Philippum
2315 707 2438 768 iun.
2531 701 2621 769 Cf.
2679 703 2857 767 etiam

622 797 940 875 Svoronos,
990 792 1206 877 Ἐφημ.
1256 794 1536 876 ἀρχαιολ.
1592 799 1783 873 1889,
1833 819 1892 878 Ρ.
1944 799 2026 857 96
2075 808 2139 857 et
2188 798 2330 861 103.

797 888 1013 952 Tituli:
1062 888 1235 950 Unus
1277 887 1361 947 ibi
1410 898 1682 968 repertus
1722 888 1990 948 Dumont
2034 909 2093 968 p.
2127 889 2252 948 465
2296 908 2357 946 n.
2397 888 2609 963 111w3
2657 887 2858 946 nescio

619 999 700 1038 an
746 979 927 1038 etiam
974 978 1108 1041 CIL
1142 982 1200 1052 3,
1253 979 1423 1038 7408
1457 977 1677 1037 Deulto
1723 976 2077 1038 tribuendus
2125 978 2219 1038 sit.
2289 977 2587 1057 Imprimis
2635 975 2765 1037 CIL
2798 978 2855 1052 6,

620 1069 823 1131 3828:
879 1068 1152 1148 „colonia
1182 1068 1400 1128 Flavia
1428 1069 1605 1128 Pacis
1636 1068 2053 1129 Deultensium
2102 1115 2118 1131 .
2154 1116 2169 1131 .
2208 1117 2220 1130 .
2272 1067 2506 1127 colonia
2535 1066 2851 1135 Deultus.“

797 1158 974 1218 Hanc
1021 1158 1314 1218 coloniam
1350 1159 1739 1238 Vespasiano,
1787 1178 1911 1217 non
1940 1158 2260 1217 Domitano
2292 1155 2675 1217 tribuendam
2706 1175 2856 1236 esse,

622 1246 795 1308 docet
841 1268 962 1307 non
1007 1248 1196 1308 solum
1242 1249 1464 1308 mentio
1512 1247 1676 1328 apud
1721 1248 2004 1321 Plinium,
2053 1245 2156 1307 sed
2204 1248 2384 1307 etiam
2430 1249 2625 1327 ipsum
2667 1245 2861 1313 Pacis

627 1357 980 1415 cognomen.
1061 1337 1315 1398 Condita
1359 1338 1546 1416 igitur
1594 1346 1685 1397 est
1729 1358 1852 1397 non
1898 1338 2084 1396 multo
2130 1347 2264 1416 post
2307 1357 2448 1397 ann.
2486 1338 2565 1397 71
2602 1357 2662 1417 p.
2699 1335 2858 1408 Chr„

623 1447 756 1487 cum
804 1426 956 1487 aede
1002 1428 1042 1488 J
1045 1428 1145 1486 ani
1194 1428 1399 1486 clausa
1447 1425 1639 1506 (Oros.
1692 1428 1749 1501 7,
1803 1422 1869 1509 9)
1919 1428 2325 1507 Vespasianus
2371 1426 2657 1506 templum
2687 1424 2861 1485 Pacis

621 1518 847 1577 Romae
931 1525 1241 1577 exstruere
1324 1518 1588 1597 coeperit
1672 1516 1737 1596 (J
1740 1516 1945 1596 oseph.
2026 1516 2172 1577 Bell.
2251 1515 2397 1580 Jud.
2470 1517 2537 1590 7,
2621 1517 2688 1589 5,
2775 1518 2857 1594 7),

621 1604 789 1687 quod
834 1627 888 1669 a.
943 1609 1024 1667 75
1074 1607 1411 1667 confectum
1458 1614 1549 1666 est
1595 1602 1739 1688 (Dio
1789 1608 1892 1682 66,
1950 1605 2077 1685 15).
2171 1603 2419 1666 Colonia
2464 1613 2644 1665 aucta
2690 1613 2780 1664 est
2822 1623 2862 1663 a

621 1697 965 1756 Domitiano
1025 1717 1079 1757 a.
1139 1699 1251 1770 82,
1316 1695 1588 1756 deductis
1649 1695 1794 1757 illuc
1849 1695 2147 1755 veteranis
2207 1715 2241 1755 e
2301 1695 2417 1774 leg.
2481 1694 2650 1758 VIII.
2697 1694 2858 1772 Aug.

623 1786 736 1846 sub
783 1785 1004 1845 Avidio
1052 1786 1271 1862 Quieto
1317 1786 1437 1864 leg.
1487 1791 1650 1863 Aug.
1702 1784 1859 1864 (CIL
1909 1787 1968 1859 6,
2020 1783 2235 1866 3828).

800 1875 1033 1935 Nomen
1099 1876 1413 1948 Deultum,
1485 1877 1534 1935 si
1595 1874 1795 1934 Plinio
1859 1873 2217 1935 credendum
2282 1883 2401 1948 est,
2474 1894 2510 1933 a
2568 1875 2704 1933 vico
2765 1872 2863 1933 vel

631 1966 920 2042 „stagno“
975 1963 1044 2047 (i.
1093 1986 1143 2026 e.
1195 1960 1358 2047 lacu)
1409 1962 1670 2044 quodam
1716 1964 2037 2032 Develoon
2084 1963 2241 2024 dicto
2287 1972 2591 2044 sumptum
2636 1971 2745 2026 est.

803 2054 1095 2115 Ultimum
1129 2053 1290 2134 quod
1324 2056 1507 2113 sciam
1539 2064 2029 2114 commemoratur
2051 2054 2340 2113 Deultum
2370 2055 2434 2113 in
2456 2053 2630 2113 titulo
2651 2053 2861 2114 mutilo

619 2163 775 2204 saec.
823 2153 894 2202 ut
938 2142 1177 2204 videtur
1216 2143 1313 2204 IX
1359 2143 1558 2223 (AEM
1598 2147 1699 2217 15,
1749 2165 1810 2224 p.
1849 2145 1952 2217 99,
2005 2145 2109 2217 26,
2161 2143 2245 2223 3),
2295 2144 2401 2202 ubi
2433 2145 2873 2204 ΔΕΒΕΔΊὈΝ

621 2235 776 2294 inter
831 2242 1028 2293 castra
1081 2242 1415 2294 restaurata
1459 2242 1822 2294 recensetur.
1918 2189 2185 2345 Auctore
2227 2233 2443 2297 Zonar.
2496 2238 2564 2316 2,
2621 2254 2681 2314 Ρ.
2739 2233 2860 2294 155

619 2332 830 2403 postea
877 2324 1133 2408 Zayora
1177 2323 1550 2405 appellatum
1598 2332 1708 2387 est.

1402 2549 1689 2642 Cabyle
1744 2549 2077 2637 (Καβύλη).

797 2679 996 2741 Hodie
1056 2681 1282 2762 Kovel‚
1354 2681 1827 2762 Tausan-Tepe‚
1897 2683 2054 2741 inter
2111 2681 2156 2743 J
2158 2680 2380 2741 amboli
2447 2689 2508 2740 et
2566 2680 2859 2741 Haemum

621 2779 902 2831 montem.
994 2771 1264 2844 Jirecek,
1313 2772 1486 2831 ΔΕΜ
1538 2772 1749 2852 10,.Ρ.
1806 2771 1952 2831 133.

799 2860 1035 2920 Titulos
1094 2857 1338 2939 collegit
1383 2862 1649 2921 Dumont
1703 2881 1764 2941 p.
1815 2862 1973 2936 3633
2032 2858 2292 2920 addendi
2347 2869 2489 2920 sunt
2534 2860 2707 2920 AEM
2758 2861 2857 2933 15,

623 2971 683 3031 p.
736 2952 838 3024 99,
891 2951 995 3032 26,
1046 2951 1106 3024 3,
1159 2954 1228 3027 23
1275 2971 1333 3027 p.
1389 2952 1509 3011 106
1562 2972 1651 3030 sq.
1746 2950 1990 3010 Nummi
2036 2949 2188 3009 nulli
2234 2959 2393 3011 sunt.

797 3039 1121 3121 Perperam
1177 3061 1235 3099 v.
1295 3039 1352 3099 d.
1409 3041 1526 3101 Th.
1575 3040 1826 3100 Voemel
1883 3040 1971 3119 (in
2025 3060 2226 3120 progr.
2284 3060 2555 3119 gymnas.
2605 3040 2860 3099 Franco-

623 3129 767 3189 furti
819 3130 1018 3212 1845,
1077 3151 1136 3210 p.
1187 3131 1252 3209 4)
1305 3132 1462 3189 inter
1510 3126 1809 3207 Καβύλην
1858 3138 1917 3190 et
1963 3127 2263 3206 Καλύβην
2310 3129 2583 3189 distinxit
2628 3130 2860 3189 statuit·

625 3238 745 3299 que
794 3218 910 3279 hoc
957 3219 1241 3300 oppidum
1276 3241 1478 3304 prope
1522 3219 1672 3279 fines
1720 3221 2002 3279 Astarum
2021 3264 2035 3292 ,
2094 3218 2247 3278 illud
2290 3239 2434 3279 vero
2481 3221 2662 3287 intra
2704 3220 2862 3299 ipsos

626 3312 906 3369 Astarum
953 3310 1100 3369 fines
1146 3309 1353 3370 fuisse.
1448 3307 1604 3369 Nam
1659 3310 1998 3369 testimonia
2043 3308 2482 3384 Demosthenis,
2531 3307 2860 3380 Strabonis,

625 3398 829 3478 Steph.
876 3399 1023 3475 Byz.
1086 3408 1193 3463 etc.
1239 3398 1420 3475 plane
1465 3408 1586 3458 tam
1633 3400 1880 3459 confusa
1924 3408 2090 3472 sunt,
2148 3407 2216 3457 ut
2262 3398 2411 3457 nihil
2461 3397 2624 3458 aliud
2671 3418 2750 3458 ex
2792 3399 2864 3456 iis

624 3487 779 3547 effici
810 3490 1017 3567 possit,
1067 3508 1251 3568 quam
1289 3508 1504 3548 nomen
1541 3485 1839 3564 Καλύβην
1867 3488 2032 3547 facili
2061 3488 2395 3548 litterarum
2426 3489 2864 3568 permutatione

626 3597 663 3636 a
711 3574 969 3654 Καβύλη
1015 3577 1240 3638 factum
1288 3599 1437 3639 esse.

807 3666 1114 3728 Coloniam
1139 3666 1532 3728 Macedonum
1562 3667 1767 3742 fuisse,
1803 3675 1872 3726 ut
1898 3666 2112 3728 Strabo
2145 3675 2206 3727 et
2231 3665 2575 3748 Stephanus
2600 3665 2860 3739 tradunt,

627 3775 697 3816 eo
762 3756 1099 3817 confirmari
1158 3757 1424 3833 videtur,
1490 3756 1653 3838 quod
1710 3756 1882 3816 multi
1937 3758 2164 3817 nummi
2216 3755 2587 3817 Macedonici
2646 3754 2865 3816 ibidem

626 3844 979 3926 prodierunt
1024 3846 1298 3927 (Jirecek
1341 3848 1382 3910 l.
1433 3868 1481 3909 c.
1532 3870 1592 3928 p.
1649 3846 1820 3926 134).

804 3936 1021 3996 Postea
1068 3933 1417 4010 Διόσπολις,
1478 3935 1840 4010 Διάμπολις,
1889 3932 2225 4010 Ὑάμπολις
2281 3935 2468 4015 (unde
2513 3934 2865 3996 hodiernum

627 4024 912 4106 oppidum
959 4026 1236 4094 Jamboli
1282 4047 1501 4087 nomen
1547 4026 1746 4107 duxit)
1794 4025 2101 4106 appellata
2149 4035 2253 4087 est.

1441 4252 1725 4325 Dicaea
1771 4257 2054 4341 (Δίκαια).

632 4476 690 4547 1
739 4383 1001 4536 38Hodie
1049 4382 1326 4457 Yakbeli,
1375 4384 1533 4444 inter
1562 4382 1806 4445 Abdera
1853 4392 1914 4443 et
1943 4383 2289 4443 Maroneum
2335 4383 2529 4447 situm.
2600 4383 2869 4489 Mionnet

828 4479 867 4536 4
