3200 5217
1235 490 1674 550 -73-.

1218 661 1692 735 Mesembria.

518 793 718 856 Hodie
763 797 1147 872 Μεσημβρία,
1196 795 1418 854 turcice
1463 794 1750 862 Misivri.

528 884 774 944 Nummi
819 883 898 944 ab
944 882 1252 944 Hadriano
1295 904 1491 964 usque
1537 881 1614 942 ad
1659 884 2003 965 Philippum
2048 884 2172 947 iun.

519 972 926 1037 Timli:·GIG
961 974 1153 1048 2053,
1206 973 1456 1047 20531),
1508 974 1756 1047 20630,
1809 975 2001 1052 2054,
2053 975 2246 1053 2055,
2296 970 2577 1033 additam.

349 1060 601 1138 205311,
637 1061 886 1125 205512.
951 1063 1217 1123 Dumont
1238 1082 1336 1144 pp.
1364 1064 1515 1135 460,
1551 1065 1701 1137 482,
1737 1064 1863 1125 573
1898 1083 1987 1143 sq.
2020 1066 2165 1127 578.
2235 1062 2582 1123 Hommaire

348 1152 422 1213 de
471 1152 634 1225 Hell,
681 1172 776 1235 op.
828 1173 877 1213 c.
930 1157 990 1232 4,
1040 1173 1098 1234 p.
1149 1153 1293 1216 323.
1384 1153 1557 1212 AEM
1612 1156 1711 1227 14,
1760 1173 1815 1234 p.
1870 1154 2014 1232 161,
2062 1174 2122 1211 n.
2174 1154 2277 1215 58.

522 1241 734 1322 Polyb.
795 1245 907 1315 25,
969 1244 1036 1315 2,
1092 1242 1170 1303 13
1233 1241 1701 1302 Mesembrianos
1768 1243 1924 1302 inter
1992 1236 2584 1315 αὐτονομουμένους

346 1341 631 1392 recenset.
734 1330 823 1393 of.
873 1331 1109 1406 Hense,
1173 1331 1267 1391 De
1328 1331 1555 1391 civitat.
1618 1330 1821 1392 liberis
1881 1351 1937 1413 p.
1987 1332 2087 1395 31.
2187 1330 2583 1392 Mesembriae

347 1420 789 1483 vicissitudines
821 1418 1040 1482 diserte
1070 1421 1370 1482 enarravit
1399 1420 1641 1499 Kanitz,
1685 1421 1744 1501 3,
1779 1441 1834 1502 p.
1875 1421 1995 1481 153
2030 1440 2118 1502 sq.
2187 1419 2276 1482 Cf.
2310 1418 2582 1502 Papado-

348 1511 824 1593 poulos-Vretos,
873 1510 964 1570 La
1007 1509 1297 1588 Bulgarie
1343 1529 1400 1591 p.
1449 1511 1594 1573 237.

530 1600 853 1682 Pei-peram
897 1598 1137 1660 videtur
1167 1599 1592 1660 Liebenamius
1625 1600 2101 1677 (Vereinswesen
2132 1619 2187 1680 p.
2226 1598 2377 1679 157)
2422 1597 2584 1658 tituli

349 1688 488 1751 CIG
536 1691 706 1751 2053
767 1689 980 1750 verba=
1046 1684 1194 1762 τοὺς
1237 1689 1811 1766 κατεργαζομένους
1867 1685 1981 1765 τὴν
2039 1684 2225 1749 πόλιν
2280 1686 2359 1748 ad
2422 1688 2583 1747 cives

346 1780 645 1841 Romanos
689 1779 1007 1840 rettulisse.
1101 1777 1191 1840 cf.
1226 1778 1633 1860 Kornemann,
1693 1780 1785 1838 De
1834 1798 1882 1837 c.
1928 1779 1998 1838 R.
2048 1778 2110 1838 in
2157 1780 2296 1859 imp.
2348 1778 2584 1841 consist.

347 1889 406 1951 p.
457 1870 541 1929 64
587 1867 723 1933 adn.
773 1870 833 1928 7.

531 3604 781 3667 Accedit
837 3605 1049 3666 tabula
1102 3604 1454 3686 oppidorum
1499 3602 1798 3663 Thraciae
1818 3649 1832 3678 ‚
1899 3622 2056 3682 quae
2117 3600 2357 3683 quidem
2422 3600 2585 3682 apud

356 3699 676 3778 scriptores
721 3696 983 3755 melioris
1030 3696 1244 3755 aetatis
1276 3701 1830 3767 commemorantur,
1879 3691 1955 3752 de
2002 3692 2221 3772 quibus
2252 3709 2397 3752 vero
2435 3690 2587 3751 nihil

352 3787 674 3848 memoriae
724 3783 975 3867 dignum
1020 3783 1306 3845 traditum
1352 3791 1446 3843 est
1491 3782 1590 3863 (cf.
1641 3802 1825 3863 supra
1869 3802 1929 3862 p.
1981 3785 2119 3861 47)=
