<?xml version="1.0" encoding="UTF-8"?>
<!DOCTYPE html PUBLIC "-//W3C//DTD XHTML 1.0 Transitional//EN"
    "http://www.w3.org/TR/xhtml1/DTD/xhtml1-transitional.dtd">
<html xmlns="http://www.w3.org/1999/xhtml" xml:lang="en" lang="en">
 <head>
  <title>
</title>
<meta http-equiv="Content-Type" content="text/html;charset=utf-8" />
  <meta name='ocr-system' content='tesseract 3.04.00' />
  <meta name='ocr-capabilities' content='ocr_page ocr_carea ocr_par ocr_line ocrx_word'/>
</head>
<body>
  <div class='ocr_page' id='page_1' title='image "./dethraciaprovin00kalogoog_0067.png"; bbox 0 0 3200 5217; ppageno 0'>
   <div class='ocr_carea' id='block_1_1' title="bbox 58 172 61 967">
    <p class='ocr_par' dir='ltr' id='par_1_1' title="bbox 58 172 61 967">
     <span class='ocr_line' id='line_1_1' title="bbox 58 172 61 967; baseline 0 0"><span class='ocrx_word' id='word_1_1' title='bbox 58 172 61 967; x_wconf 95' lang='lat' dir='ltr'><strong> </strong></span> 
     </span>
    </p>
   </div>
   <div class='ocr_carea' id='block_1_2' title="bbox 1209 511 1651 572">
    <p class='ocr_par' dir='ltr' id='par_1_2' title="bbox 1209 511 1651 572">
     <span class='ocr_line' id='line_1_2' title="bbox 1209 511 1651 572; baseline 0.007 -16"><span class='ocrx_word' id='word_1_2' title='bbox 1209 511 1651 572; x_wconf 66' lang='lat'><strong>..61-</strong></span> 
     </span>
    </p>
   </div>
   <div class='ocr_carea' id='block_1_3' title="bbox 304 686 2550 2294">
    <p class='ocr_par' dir='ltr' id='par_1_3' title="bbox 304 686 2549 1823">
     <span class='ocr_line' id='line_1_3' title="bbox 305 686 2548 769; baseline 0 -21"><span class='ocrx_word' id='word_1_3' title='bbox 305 686 568 749; x_wconf 91' lang='lat' dir='ltr'><strong>Homolli</strong></span> <span class='ocrx_word' id='word_1_4' title='bbox 615 686 858 769; x_wconf 85' lang='lat' dir='ltr'><strong>quidem</strong></span> <span class='ocrx_word' id='word_1_5' title='bbox 904 689 1281 749; x_wconf 88' lang='lat' dir='ltr'><strong>coniecturae</strong></span> <span class='ocrx_word' id='word_1_6' title='bbox 1336 688 1421 768; x_wconf 92' lang='lat' dir='ltr'><strong>(p.</strong></span> <span class='ocrx_word' id='word_1_7' title='bbox 1467 688 1623 768; x_wconf 84' lang='lat'>365)</span> <span class='ocrx_word' id='word_1_8' title='bbox 1684 690 1773 749; x_wconf 92' lang='lat' dir='ltr'><strong>rei</strong></span> <span class='ocrx_word' id='word_1_9' title='bbox 1828 707 1948 750; x_wconf 91' lang='lat' dir='ltr'><strong>non</strong></span> <span class='ocrx_word' id='word_1_10' title='bbox 1996 688 2390 753; x_wconf 85' lang='lat' dir='ltr'><strong>satisfaciunt.</strong></span> <span class='ocrx_word' id='word_1_11' title='bbox 2482 686 2548 750; x_wconf 85' lang='lat' dir='ltr'><strong>Si</strong></span> 
     </span>
     <span class='ocr_line' id='line_1_4' title="bbox 306 774 2548 862; baseline 0.001 -24"><span class='ocrx_word' id='word_1_12' title='bbox 306 779 466 838; x_wconf 90' lang='lat' dir='ltr'><strong>enim</strong></span> <span class='ocrx_word' id='word_1_13' title='bbox 496 778 803 856; x_wconf 83' lang='lat' dir='ltr'><strong>Nicopolis</strong></span> <span class='ocrx_word' id='word_1_14' title='bbox 836 775 913 837; x_wconf 88' lang='lat' dir='ltr'><strong>ad</strong></span> <span class='ocrx_word' id='word_1_15' title='bbox 942 778 1164 839; x_wconf 88' lang='lat' dir='ltr'><strong>Istrum</strong></span> <span class='ocrx_word' id='word_1_16' title='bbox 1208 778 1313 840; x_wconf 89' lang='lat' dir='ltr'><strong>illo</strong></span> <span class='ocrx_word' id='word_1_17' title='bbox 1345 788 1612 858; x_wconf 90' lang='lat' dir='ltr'><strong>tempore</strong></span> <span class='ocrx_word' id='word_1_18' title='bbox 1641 778 1939 839; x_wconf 78' lang='lat' dir='ltr'><strong>Thraciae</strong></span> <span class='ocrx_word' id='word_1_19' title='bbox 1984 779 2166 839; x_wconf 83' lang='lat' dir='ltr'><strong>fuerit</strong></span> <span class='ocrx_word' id='word_1_20' title='bbox 2180 774 2254 862; x_wconf 74' lang='lat'><strong>⁸),</strong></span> <span class='ocrx_word' id='word_1_21' title='bbox 2303 797 2548 840; x_wconf 88' lang='lat' dir='ltr'><strong>necesse</strong></span> 
     </span>
     <span class='ocr_line' id='line_1_5' title="bbox 308 859 2545 948; baseline 0.001 -21"><span class='ocrx_word' id='word_1_22' title='bbox 308 875 403 927; x_wconf 87' lang='lat' dir='ltr'><strong>est</strong></span> <span class='ocrx_word' id='word_1_23' title='bbox 447 876 556 927; x_wconf 82' lang='lat' dir='ltr'><strong>aut</strong></span> <span class='ocrx_word' id='word_1_24' title='bbox 585 865 736 927; x_wconf 83' lang='lat' dir='ltr'><strong>illud</strong></span> <span class='ocrx_word' id='word_1_25' title='bbox 781 861 1207 941; x_wconf 75' lang='grc' dir='ltr'><em>ὑπατεύοντος</em></span> <span class='ocrx_word' id='word_1_26' title='bbox 1250 869 1313 927; x_wconf 92' lang='lat' dir='ltr'><strong>in</strong></span> <span class='ocrx_word' id='word_1_27' title='bbox 1353 876 1612 948; x_wconf 89' lang='lat' dir='ltr'><strong>utroque</strong></span> <span class='ocrx_word' id='word_1_28' title='bbox 1646 867 1818 928; x_wconf 85' lang='lat' dir='ltr'><strong>titulo</strong></span> <span class='ocrx_word' id='word_1_29' title='bbox 1850 888 2051 928; x_wconf 88' lang='lat' dir='ltr'><strong>errore</strong></span> <span class='ocrx_word' id='word_1_30' title='bbox 2081 859 2367 948; x_wconf 87' lang='lat' dir='ltr'><strong>scriptum</strong></span> <span class='ocrx_word' id='word_1_31' title='bbox 2399 888 2545 946; x_wconf 84' lang='lat' dir='ltr'><strong>esse,</strong></span> 
     </span>
     <span class='ocr_line' id='line_1_6' title="bbox 312 955 2548 1038; baseline 0 -21"><span class='ocrx_word' id='word_1_32' title='bbox 312 955 475 1037; x_wconf 83' lang='lat' dir='ltr'><strong>quod</strong></span> <span class='ocrx_word' id='word_1_33' title='bbox 534 959 643 1017; x_wconf 83' lang='lat' dir='ltr'><strong>vix</strong></span> <span class='ocrx_word' id='word_1_34' title='bbox 704 956 949 1037; x_wconf 86' lang='lat' dir='ltr'><strong>probari</strong></span> <span class='ocrx_word' id='word_1_35' title='bbox 1011 965 1236 1038; x_wconf 84' lang='lat' dir='ltr'><strong>potest,</strong></span> <span class='ocrx_word' id='word_1_36' title='bbox 1299 967 1407 1017; x_wconf 85' lang='lat' dir='ltr'><strong>aut</strong></span> <span class='ocrx_word' id='word_1_37' title='bbox 1464 957 1704 1035; x_wconf 85' lang='lat' dir='ltr'><strong>legatus</strong></span> <span class='ocrx_word' id='word_1_38' title='bbox 1760 956 1839 1017; x_wconf 88' lang='lat' dir='ltr'><strong>ad</strong></span> <span class='ocrx_word' id='word_1_39' title='bbox 1900 965 2159 1018; x_wconf 88' lang='lat' dir='ltr'><strong>aetatem</strong></span> <span class='ocrx_word' id='word_1_40' title='bbox 2212 967 2348 1034; x_wconf 85' lang='lat' dir='ltr'><strong>post</strong></span> <span class='ocrx_word' id='word_1_41' title='bbox 2393 957 2548 1018; x_wconf 91' lang='lat' dir='ltr'><strong>Con·</strong></span> 
     </span>
     <span class='ocr_line' id='line_1_7' title="bbox 304 1044 2543 1127; baseline 0.001 -21"><span class='ocrx_word' id='word_1_42' title='bbox 304 1046 635 1107; x_wconf 86' lang='lat' dir='ltr'><strong>stantinum</strong></span> <span class='ocrx_word' id='word_1_43' title='bbox 664 1044 1017 1107; x_wconf 83' lang='lat' dir='ltr'><strong>referendus</strong></span> <span class='ocrx_word' id='word_1_44' title='bbox 1049 1057 1159 1121; x_wconf 87' lang='lat' dir='ltr'><strong>est,</strong></span> <span class='ocrx_word' id='word_1_45' title='bbox 1207 1045 1270 1107; x_wconf 82' lang='lat' dir='ltr'><strong>id</strong></span> <span class='ocrx_word' id='word_1_46' title='bbox 1301 1045 1463 1127; x_wconf 87' lang='lat' dir='ltr'><strong>quod</strong></span> <span class='ocrx_word' id='word_1_47' title='bbox 1510 1066 1694 1126; x_wconf 84' lang='lat' dir='ltr'><strong>supra</strong></span> <span class='ocrx_word' id='word_1_48' title='bbox 1735 1049 1991 1127; x_wconf 83' lang='lat' dir='ltr'><strong>exposui</strong></span> <span class='ocrx_word' id='word_1_49' title='bbox 2032 1068 2154 1107; x_wconf 91' lang='lat' dir='ltr'><strong>non</strong></span> <span class='ocrx_word' id='word_1_50' title='bbox 2185 1047 2313 1107; x_wconf 88' lang='lat' dir='ltr'><strong>fieri</strong></span> <span class='ocrx_word' id='word_1_51' title='bbox 2343 1067 2543 1127; x_wconf 85' lang='lat' dir='ltr'><strong>posse.</strong></span> 
     </span>
     <span class='ocr_line' id='line_1_8' title="bbox 305 1134 2549 1217; baseline 0 -21"><span class='ocrx_word' id='word_1_52' title='bbox 305 1134 415 1196; x_wconf 87' lang='lat' dir='ltr'><strong>Sin</strong></span> <span class='ocrx_word' id='word_1_53' title='bbox 445 1143 646 1196; x_wconf 87' lang='lat' dir='ltr'><strong>autem</strong></span> <span class='ocrx_word' id='word_1_54' title='bbox 678 1135 940 1198; x_wconf 84' lang='lat' dir='ltr'><strong>Juvenis</strong></span> <span class='ocrx_word' id='word_1_55' title='bbox 985 1137 1176 1216; x_wconf 87' lang='lat' dir='ltr'><strong>primo</strong></span> <span class='ocrx_word' id='word_1_56' title='bbox 1207 1135 1548 1209; x_wconf 80' lang='lat' dir='ltr'><strong>Thraciam,</strong></span> <span class='ocrx_word' id='word_1_57' title='bbox 1588 1134 1818 1197; x_wconf 79' lang='lat' dir='ltr'><strong>deinde</strong></span> <span class='ocrx_word' id='word_1_58' title='bbox 1863 1137 1927 1217; x_wconf 88' lang='lat' dir='ltr'><strong>(i.</strong></span> <span class='ocrx_word' id='word_1_59' title='bbox 1963 1157 2016 1201; x_wconf 90' lang='lat' dir='ltr'><strong>e.</strong></span> <span class='ocrx_word' id='word_1_60' title='bbox 2066 1136 2369 1197; x_wconf 76' lang='lat' dir='ltr'>nonnullis</span> <span class='ocrx_word' id='word_1_61' title='bbox 2414 1147 2549 1217; x_wconf 90' lang='lat' dir='ltr'><strong>post</strong></span> 
     </span>
     <span class='ocr_line' id='line_1_9' title="bbox 306 1225 2546 1306; baseline 0 -21"><span class='ocrx_word' id='word_1_62' title='bbox 306 1227 501 1300; x_wconf 86' lang='lat' dir='ltr'><strong>annis,</strong></span> <span class='ocrx_word' id='word_1_63' title='bbox 528 1235 599 1285; x_wconf 87' lang='lat' dir='ltr'><strong>ut</strong></span> <span class='ocrx_word' id='word_1_64' title='bbox 628 1245 754 1286; x_wconf 92' lang='lat' dir='ltr'><strong>mos</strong></span> <span class='ocrx_word' id='word_1_65' title='bbox 778 1234 928 1299; x_wconf 85' lang='lat' dir='ltr'><strong>erat,</strong></span> <span class='ocrx_word' id='word_1_66' title='bbox 954 1226 1392 1286; x_wconf 88' lang='lat' dir='ltr'><strong>interveniente</strong></span> <span class='ocrx_word' id='word_1_67' title='bbox 1416 1225 1756 1305; x_wconf 86' lang='lat' dir='ltr'><strong>consulatu)</strong></span> <span class='ocrx_word' id='word_1_68' title='bbox 1781 1227 2150 1306; x_wconf 87' lang='lat' dir='ltr'><strong>provinciam</strong></span> <span class='ocrx_word' id='word_1_69' title='bbox 2177 1226 2546 1288; x_wconf 78' lang='lat' dir='ltr'><strong>consularem</strong></span> 
     </span>
     <span class='ocr_line' id='line_1_10' title="bbox 305 1310 2544 1396; baseline 0.003 -22"><span class='ocrx_word' id='word_1_70' title='bbox 305 1314 597 1375; x_wconf 77' lang='lat' dir='ltr'><strong>Moesiam</strong></span> <span class='ocrx_word' id='word_1_71' title='bbox 658 1314 763 1376; x_wconf 84' lang='lat' dir='ltr'><strong>inf.</strong></span> <span class='ocrx_word' id='word_1_72' title='bbox 826 1316 1016 1388; x_wconf 83' lang='lat' dir='ltr'><strong>rexit,</strong></span> <span class='ocrx_word' id='word_1_73' title='bbox 1081 1316 1354 1396; x_wconf 90' lang='lat' dir='ltr'><strong>sequitur</strong></span> <span class='ocrx_word' id='word_1_74' title='bbox 1413 1324 1484 1375; x_wconf 91' lang='lat' dir='ltr'><strong>ut</strong></span> <span class='ocrx_word' id='word_1_75' title='bbox 1540 1315 1648 1374; x_wconf 88' lang='lat' dir='ltr'><strong>illa</strong></span> <span class='ocrx_word' id='word_1_76' title='bbox 1692 1335 1814 1375; x_wconf 84' lang='lat' dir='ltr'><strong>vox</strong></span> <span class='ocrx_word' id='word_1_77' title='bbox 1872 1310 2301 1389; x_wconf 83' lang='grc' dir='ltr'><em>ὑπατεύοντος</em></span> <span class='ocrx_word' id='word_1_78' title='bbox 2344 1317 2408 1375; x_wconf 91' lang='lat' dir='ltr'><strong>in</strong></span> <span class='ocrx_word' id='word_1_79' title='bbox 2453 1318 2544 1380; x_wconf 92' lang='lat' dir='ltr'><strong>tit.</strong></span> 
     </span>
     <span class='ocr_line' id='line_1_11' title="bbox 305 1403 2549 1486; baseline 0 -23"><span class='ocrx_word' id='word_1_80' title='bbox 305 1403 868 1485; x_wconf 86' lang='lat' dir='ltr'><strong>Philippopolitano</strong></span> <span class='ocrx_word' id='word_1_81' title='bbox 918 1424 1119 1465; x_wconf 83' lang='lat' dir='ltr'><strong>errore</strong></span> <span class='ocrx_word' id='word_1_82' title='bbox 1164 1406 1388 1486; x_wconf 88' lang='lat' dir='ltr'><strong>scripta</strong></span> <span class='ocrx_word' id='word_1_83' title='bbox 1434 1405 1529 1482; x_wconf 88' lang='lat' dir='ltr'><strong>sit,</strong></span> <span class='ocrx_word' id='word_1_84' title='bbox 1579 1403 1641 1463; x_wconf 89' lang='lat' dir='ltr'><strong>id</strong></span> <span class='ocrx_word' id='word_1_85' title='bbox 1681 1403 1842 1485; x_wconf 86' lang='lat' dir='ltr'><strong>quod</strong></span> <span class='ocrx_word' id='word_1_86' title='bbox 1883 1405 2064 1465; x_wconf 89' lang='lat' dir='ltr'><strong>nullis</strong></span> <span class='ocrx_word' id='word_1_87' title='bbox 2095 1405 2227 1466; x_wconf 89' lang='lat' dir='ltr'><strong>aliis</strong></span> <span class='ocrx_word' id='word_1_88' title='bbox 2258 1405 2549 1485; x_wconf 84' lang='lat' dir='ltr'><strong>exemplis</strong></span> 
     </span>
     <span class='ocr_line' id='line_1_12' title="bbox 307 1494 2546 1576; baseline 0.001 -23"><span class='ocrx_word' id='word_1_89' title='bbox 307 1495 373 1553; x_wconf 89' lang='lat' dir='ltr'><strong>in</strong></span> <span class='ocrx_word' id='word_1_90' title='bbox 441 1495 631 1555; x_wconf 80' lang='lat' dir='ltr'><strong>titulis</strong></span> <span class='ocrx_word' id='word_1_91' title='bbox 691 1494 991 1555; x_wconf 81' lang='lat' dir='ltr'><strong>Thraciae</strong></span> <span class='ocrx_word' id='word_1_92' title='bbox 1052 1494 1455 1555; x_wconf 85' lang='lat' dir='ltr'><strong>confirmatur.</strong></span> <span class='ocrx_word' id='word_1_93' title='bbox 1573 1494 1784 1554; x_wconf 87' lang='lat' dir='ltr'><strong>Tertia</strong></span> <span class='ocrx_word' id='word_1_94' title='bbox 1852 1494 2117 1576; x_wconf 86' lang='lat' dir='ltr'><strong>denique</strong></span> <span class='ocrx_word' id='word_1_95' title='bbox 2184 1496 2546 1570; x_wconf 88' lang='lat' dir='ltr'><strong>coniectura,</strong></span> 
     </span>
     <span class='ocr_line' id='line_1_13' title="bbox 311 1582 2549 1665; baseline 0 -21"><span class='ocrx_word' id='word_1_96' title='bbox 311 1603 497 1663; x_wconf 88' lang='lat' dir='ltr'><strong>quam</strong></span> <span class='ocrx_word' id='word_1_97' title='bbox 528 1582 809 1644; x_wconf 87' lang='lat' dir='ltr'><strong>Homolle</strong></span> <span class='ocrx_word' id='word_1_98' title='bbox 839 1583 1107 1664; x_wconf 86' lang='lat' dir='ltr'><strong>protulit,</strong></span> <span class='ocrx_word' id='word_1_99' title='bbox 1133 1582 1487 1645; x_wconf 85' lang='lat' dir='ltr'><strong>translatum</strong></span> <span class='ocrx_word' id='word_1_100' title='bbox 1520 1603 1652 1644; x_wconf 88' lang='lat' dir='ltr'><strong>esse</strong></span> <span class='ocrx_word' id='word_1_101' title='bbox 1684 1583 1938 1644; x_wconf 84' lang='lat' dir='ltr'><strong>alterum</strong></span> <span class='ocrx_word' id='word_1_102' title='bbox 1969 1584 2207 1644; x_wconf 88' lang='lat' dir='ltr'><strong>titulum</strong></span> <span class='ocrx_word' id='word_1_103' title='bbox 2239 1604 2273 1645; x_wconf 92' lang='lat' dir='ltr'><strong>e</strong></span> <span class='ocrx_word' id='word_1_104' title='bbox 2301 1585 2549 1665; x_wconf 84' lang='lat' dir='ltr'><strong>regione</strong></span> 
     </span>
     <span class='ocr_line' id='line_1_14' title="bbox 306 1672 2549 1762; baseline 0.001 -31"><span class='ocrx_word' id='word_1_105' title='bbox 306 1672 864 1753; x_wconf 82' lang='lat' dir='ltr'><strong>Philippopolitana</strong></span> <span class='ocrx_word' id='word_1_106' title='bbox 925 1682 1092 1733; x_wconf 90' lang='lat' dir='ltr'><strong>trans</strong></span> <span class='ocrx_word' id='word_1_107' title='bbox 1149 1673 1448 1734; x_wconf 86' lang='lat' dir='ltr'><strong>Haemum</strong></span> <span class='ocrx_word' id='word_1_108' title='bbox 1504 1675 1569 1734; x_wconf 92' lang='lat' dir='ltr'><strong>in</strong></span> <span class='ocrx_word' id='word_1_109' title='bbox 1630 1673 1916 1762; x_wconf 80' lang='lat' dir='ltr'><strong>Moesiam</strong></span> <span class='ocrx_word' id='word_1_110' title='bbox 1962 1674 2089 1755; x_wconf 84' lang='lat' dir='ltr'><strong>lnf,</strong></span> <span class='ocrx_word' id='word_1_111' title='bbox 2153 1684 2314 1735; x_wconf 89' lang='lat' dir='ltr'><strong>certe</strong></span> <span class='ocrx_word' id='word_1_112' title='bbox 2374 1676 2549 1734; x_wconf 89' lang='lat' dir='ltr'><strong>nimis</strong></span> 
     </span>
     <span class='ocr_line' id='line_1_15' title="bbox 307 1760 2426 1825; baseline 0 -3"><span class='ocrx_word' id='word_1_113' title='bbox 307 1760 512 1822; x_wconf 80' lang='lat' dir='ltr'><strong>audax</strong></span> <span class='ocrx_word' id='word_1_114' title='bbox 557 1770 666 1825; x_wconf 89' lang='lat' dir='ltr'><strong>est.</strong></span> <span class='ocrx_word' id='word_1_115' title='bbox 2393 1763 2426 1796; x_wconf 81' lang='lat'><strong><em>‘</em></strong></span> 
     </span>
    </p>

    <p class='ocr_par' dir='ltr' id='par_1_4' title="bbox 306 1851 2550 2294">
     <span class='ocr_line' id='line_1_16' title="bbox 488 1851 2546 1933; baseline 0.002 -22"><span class='ocrx_word' id='word_1_116' title='bbox 488 1851 583 1912; x_wconf 93' lang='lat' dir='ltr'><strong>De</strong></span> <span class='ocrx_word' id='word_1_117' title='bbox 632 1851 854 1932; x_wconf 87' lang='lat' dir='ltr'><strong>quibus</strong></span> <span class='ocrx_word' id='word_1_118' title='bbox 901 1853 954 1913; x_wconf 90' lang='lat' dir='ltr'><strong>si</strong></span> <span class='ocrx_word' id='word_1_119' title='bbox 997 1861 1160 1914; x_wconf 87' lang='lat' dir='ltr'><strong>recte</strong></span> <span class='ocrx_word' id='word_1_120' title='bbox 1205 1853 1551 1933; x_wconf 80' lang='lat' dir='ltr'><strong>statuimus,</strong></span> <span class='ocrx_word' id='word_1_121' title='bbox 1615 1872 1739 1913; x_wconf 88' lang='lat' dir='ltr'><strong>una</strong></span> <span class='ocrx_word' id='word_1_122' title='bbox 1792 1852 1919 1913; x_wconf 88' lang='lat' dir='ltr'><strong>sola</strong></span> <span class='ocrx_word' id='word_1_123' title='bbox 1974 1852 2291 1933; x_wconf 84' lang='lat' dir='ltr'><strong>explicatio</strong></span> <span class='ocrx_word' id='word_1_124' title='bbox 2337 1863 2546 1917; x_wconf 86' lang='lat' dir='ltr'><strong>restat:</strong></span> 
     </span>
     <span class='ocr_line' id='line_1_17' title="bbox 310 1941 2550 2026; baseline 0 -22"><span class='ocrx_word' id='word_1_125' title='bbox 310 1942 356 2004; x_wconf 85' lang='lat' dir='ltr'><strong>J</strong></span> <span class='ocrx_word' id='word_1_126' title='bbox 358 1962 619 2002; x_wconf 86' lang='lat' dir='ltr'><strong>uvenem</strong></span> <span class='ocrx_word' id='word_1_127' title='bbox 664 1950 802 2022; x_wconf 88' lang='lat' dir='ltr'><strong>post</strong></span> <span class='ocrx_word' id='word_1_128' title='bbox 846 1941 1011 2022; x_wconf 86' lang='lat' dir='ltr'><strong>Sept.</strong></span> <span class='ocrx_word' id='word_1_129' title='bbox 1057 1942 1368 2025; x_wconf 75' lang='lat' dir='ltr'><strong>Severum,</strong></span> <span class='ocrx_word' id='word_1_130' title='bbox 1417 1951 1559 2002; x_wconf 91' lang='lat' dir='ltr'><strong>ante</strong></span> <span class='ocrx_word' id='word_1_131' title='bbox 1605 1961 1750 2002; x_wconf 86' lang='lat' dir='ltr'><strong>vero</strong></span> <span class='ocrx_word' id='word_1_132' title='bbox 1795 1942 2162 2026; x_wconf 81' lang='lat' dir='ltr'><strong>Philippum,</strong></span> <span class='ocrx_word' id='word_1_133' title='bbox 2210 1941 2324 2002; x_wconf 87' lang='lat' dir='ltr'><strong>suh</strong></span> <span class='ocrx_word' id='word_1_134' title='bbox 2369 1944 2550 2024; x_wconf 91' lang='lat' dir='ltr'><strong>impe·</strong></span> 
     </span>
     <span class='ocr_line' id='line_1_18' title="bbox 309 2031 2545 2114; baseline -0 -20"><span class='ocrx_word' id='word_1_135' title='bbox 309 2039 511 2094; x_wconf 85' lang='lat' dir='ltr'><strong>ratore</strong></span> <span class='ocrx_word' id='word_1_136' title='bbox 540 2031 764 2113; x_wconf 86' lang='lat' dir='ltr'><strong>aliquo,</strong></span> <span class='ocrx_word' id='word_1_137' title='bbox 813 2033 984 2093; x_wconf 84' lang='lat' dir='ltr'><strong>cuius</strong></span> <span class='ocrx_word' id='word_1_138' title='bbox 1022 2052 1242 2094; x_wconf 90' lang='lat' dir='ltr'><strong>nomen</strong></span> <span class='ocrx_word' id='word_1_139' title='bbox 1270 2032 1335 2092; x_wconf 87' lang='lat' dir='ltr'><strong>in</strong></span> <span class='ocrx_word' id='word_1_140' title='bbox 1363 2033 1766 2093; x_wconf 87' lang='lat' dir='ltr'><strong>monumentis</strong></span> <span class='ocrx_word' id='word_1_141' title='bbox 1797 2052 2031 2093; x_wconf 87' lang='lat' dir='ltr'><strong>erasum</strong></span> <span class='ocrx_word' id='word_1_142' title='bbox 2064 2052 2196 2093; x_wconf 90' lang='lat' dir='ltr'><strong>esse</strong></span> <span class='ocrx_word' id='word_1_143' title='bbox 2226 2042 2462 2093; x_wconf 83' lang='lat' dir='ltr'><strong>constat</strong></span> <span class='ocrx_word' id='word_1_144' title='bbox 2481 2031 2545 2114; x_wconf 88' lang='lat'><strong>¹),</strong></span> 
     </span>
     <span class='ocr_line' id='line_1_19' title="bbox 309 2121 2549 2202; baseline 0.002 -22"><span class='ocrx_word' id='word_1_145' title='bbox 309 2121 508 2188; x_wconf 75' lang='lat' dir='ltr'><strong>simul</strong></span> <span class='ocrx_word' id='word_1_146' title='bbox 551 2121 820 2182; x_wconf 83' lang='lat' dir='ltr'><strong>Moesiae</strong></span> <span class='ocrx_word' id='word_1_147' title='bbox 864 2122 1131 2182; x_wconf 86' lang='lat' dir='ltr'><strong>inferiori</strong></span> <span class='ocrx_word' id='word_1_148' title='bbox 1178 2142 1250 2183; x_wconf 88' lang='lat' dir='ltr'><strong>ac</strong></span> <span class='ocrx_word' id='word_1_149' title='bbox 1279 2121 1579 2182; x_wconf 79' lang='lat' dir='ltr'><strong>Thraciae</strong></span> <span class='ocrx_word' id='word_1_150' title='bbox 1625 2122 1987 2202; x_wconf 81' lang='lat' dir='ltr'><strong>praefuisse3</strong></span> <span class='ocrx_word' id='word_1_151' title='bbox 2034 2124 2122 2181; x_wconf 85' lang='lat' dir='ltr'><strong>ita</strong></span> <span class='ocrx_word' id='word_1_152' title='bbox 2166 2123 2324 2182; x_wconf 91' lang='lat' dir='ltr'><strong>enim</strong></span> <span class='ocrx_word' id='word_1_153' title='bbox 2371 2124 2549 2185; x_wconf 76' lang='lat' dir='ltr'><strong>etiam</strong></span> 
     </span>
     <span class='ocr_line' id='line_1_20' title="bbox 306 2205 1910 2294; baseline 0.002 -24"><span class='ocrx_word' id='word_1_154' title='bbox 306 2212 372 2270; x_wconf 91' lang='lat' dir='ltr'><strong>in</strong></span> <span class='ocrx_word' id='word_1_155' title='bbox 417 2210 681 2272; x_wconf 87' lang='lat' dir='ltr'><strong>Thracia</strong></span> <span class='ocrx_word' id='word_1_156' title='bbox 724 2219 887 2272; x_wconf 87' lang='lat' dir='ltr'><strong>recte</strong></span> <span class='ocrx_word' id='word_1_157' title='bbox 931 2205 1271 2273; x_wconf 73' lang='grc' dir='ltr'><em>ὑπατεύων</em></span> <span class='ocrx_word' id='word_1_158' title='bbox 1317 2211 1613 2294; x_wconf 85' lang='lat' dir='ltr'><strong>appellari</strong></span> <span class='ocrx_word' id='word_1_159' title='bbox 1660 2220 1910 2293; x_wconf 88' lang='lat' dir='ltr'><strong>poterat.</strong></span> 
     </span>
    </p>
   </div>
   <div class='ocr_carea' id='block_1_4' title="bbox 394 2367 1935 2555">
    <p class='ocr_par' dir='ltr' id='par_1_5' title="bbox 394 2367 1935 2555">
     <span class='ocr_line' id='line_1_21' title="bbox 394 2367 1935 2440; baseline -0.002 -2"><span class='ocrx_word' id='word_1_160' title='bbox 394 2367 523 2438; x_wconf 83' lang='lat'><strong>45.</strong></span> <span class='ocrx_word' id='word_1_161' title='bbox 575 2367 967 2440; x_wconf 81' lang='lat' dir='ltr'><strong>Gallonius</strong></span> <span class='ocrx_word' id='word_1_162' title='bbox 1016 2367 1324 2440; x_wconf 86' lang='lat' dir='ltr'><strong>Avitus.</strong></span> <span class='ocrx_word' id='word_1_163' title='bbox 1414 2371 1541 2433; x_wconf 85' lang='lat' dir='ltr'><strong>Sub</strong></span> <span class='ocrx_word' id='word_1_164' title='bbox 1589 2372 1935 2436; x_wconf 74' lang='lat' dir='ltr'><strong>Aureliano.</strong></span> 
     </span>
     <span class='ocr_line' id='line_1_22' title="bbox 487 2479 1077 2555; baseline 0.005 -15"><span class='ocrx_word' id='word_1_165' title='bbox 487 2480 626 2541; x_wconf 89' lang='lat' dir='ltr'><strong>Vita</strong></span> <span class='ocrx_word' id='word_1_166' title='bbox 670 2479 913 2555; x_wconf 89' lang='lat' dir='ltr'><strong>Bonosi‚</strong></span> <span class='ocrx_word' id='word_1_167' title='bbox 977 2482 1077 2543; x_wconf 83' lang='lat'><strong>15.</strong></span> 
     </span>
    </p>
   </div>
   <div class='ocr_carea' id='block_1_5' title="bbox 395 2652 2271 2848">
    <p class='ocr_par' dir='ltr' id='par_1_6' title="bbox 395 2652 2271 2848">
     <span class='ocr_line' id='line_1_23' title="bbox 395 2652 2271 2727; baseline -0.001 -2"><span class='ocrx_word' id='word_1_168' title='bbox 395 2654 522 2725; x_wconf 80' lang='lat'><strong>46.</strong></span> <span class='ocrx_word' id='word_1_169' title='bbox 570 2652 945 2726; x_wconf 85' lang='lat' dir='ltr'><strong>Domitius</strong></span> <span class='ocrx_word' id='word_1_170' title='bbox 992 2654 1428 2727; x_wconf 84' lang='lat' dir='ltr'><strong>Domninus.</strong></span> <span class='ocrx_word' id='word_1_171' title='bbox 1521 2660 1688 2721; x_wconf 82' lang='lat' dir='ltr'><strong>Inter</strong></span> <span class='ocrx_word' id='word_1_172' title='bbox 1733 2681 1787 2722; x_wconf 79' lang='lat' dir='ltr'><strong>a.</strong></span> <span class='ocrx_word' id='word_1_173' title='bbox 1840 2662 1967 2722; x_wconf 83' lang='lat'><strong>292</strong></span> <span class='ocrx_word' id='word_1_174' title='bbox 2015 2670 2075 2722; x_wconf 80' lang='lat' dir='ltr'><strong>et</strong></span> <span class='ocrx_word' id='word_1_175' title='bbox 2122 2662 2271 2724; x_wconf 89' lang='lat'><strong>305.</strong></span> 
     </span>
     <span class='ocr_line' id='line_1_24' title="bbox 485 2766 1581 2848; baseline 0.005 -21"><span class='ocrx_word' id='word_1_176' title='bbox 485 2766 754 2827; x_wconf 90' lang='lat' dir='ltr'><strong>Dumont</strong></span> <span class='ocrx_word' id='word_1_177' title='bbox 798 2788 859 2848; x_wconf 89' lang='lat' dir='ltr'><strong>p.</strong></span> <span class='ocrx_word' id='word_1_178' title='bbox 896 2768 1045 2842; x_wconf 87' lang='grc'><strong>391,</strong></span> <span class='ocrx_word' id='word_1_179' title='bbox 1093 2788 1154 2827; x_wconf 89' lang='grc' dir='ltr'><strong>ιι.</strong></span> <span class='ocrx_word' id='word_1_180' title='bbox 1205 2767 1581 2832; x_wconf 63' lang='lat'><strong>740-741.</strong></span> 
     </span>
    </p>
   </div>
   <div class='ocr_carea' id='block_1_6' title="bbox 396 2939 2384 3029">
    <p class='ocr_par' dir='ltr' id='par_1_7' title="bbox 396 2939 2384 3029">
     <span class='ocr_line' id='line_1_25' title="bbox 396 2939 2384 3029; baseline -0.002 -17"><span class='ocrx_word' id='word_1_181' title='bbox 396 2941 521 3012; x_wconf 84' lang='grc'><strong>47.</strong></span> <span class='ocrx_word' id='word_1_182' title='bbox 569 2941 629 3011; x_wconf 85' lang='lat' dir='ltr'><strong>F</strong></span> <span class='ocrx_word' id='word_1_183' title='bbox 633 2941 683 3011; x_wconf 92' lang='grc'><strong>1.</strong></span> <span class='ocrx_word' id='word_1_184' title='bbox 732 2939 1000 3029; x_wconf 78' lang='lat' dir='ltr'><strong>Ulpius</strong></span> <span class='ocrx_word' id='word_1_185' title='bbox 1048 2942 1119 3011; x_wconf 91' lang='lat' dir='ltr'><strong>A</strong></span> <span class='ocrx_word' id='word_1_186' title='bbox 1159 2992 1393 3013; x_wconf 91' lang='grc'><strong>.....</strong></span> <span class='ocrx_word' id='word_1_187' title='bbox 1428 2941 1570 3012; x_wconf 81' lang='lat' dir='ltr'><strong>ius.</strong></span> <span class='ocrx_word' id='word_1_188' title='bbox 1662 2946 1832 3012; x_wconf 85' lang='lat' dir='ltr'><strong>Sacc.</strong></span> <span class='ocrx_word' id='word_1_189' title='bbox 1879 2957 1947 3008; x_wconf 89' lang='lat' dir='ltr'><strong>ut</strong></span> <span class='ocrx_word' id='word_1_190' title='bbox 1991 2947 2230 3008; x_wconf 85' lang='lat' dir='ltr'><strong>videtur</strong></span> <span class='ocrx_word' id='word_1_191' title='bbox 2274 2948 2384 3009; x_wconf 88' lang='lat'><strong>111.</strong></span> 
     </span>
    </p>
   </div>
   <div class='ocr_carea' id='block_1_7' title="bbox 486 3050 1064 3118">
    <p class='ocr_par' dir='ltr' id='par_1_8' title="bbox 486 3050 1064 3118">
     <span class='ocr_line' id='line_1_26' title="bbox 486 3050 1064 3118; baseline 0.009 -5"><span class='ocrx_word' id='word_1_192' title='bbox 486 3054 753 3114; x_wconf 88' lang='lat' dir='ltr'><strong>Dumont</strong></span> <span class='ocrx_word' id='word_1_193' title='bbox 796 3074 857 3117; x_wconf 94' lang='lat' dir='ltr'><strong>n.</strong></span> <span class='ocrx_word' id='word_1_194' title='bbox 908 3054 985 3114; x_wconf 83' lang='lat'><strong>61</strong></span> <span class='ocrx_word' id='word_1_195' title='bbox 1013 3050 1064 3118; x_wconf 73' lang='lat'><strong>¹.</strong></span> 
     </span>
    </p>
   </div>
   <div class='ocr_carea' id='block_1_8' title="bbox 309 3141 2550 3299">
    <p class='ocr_par' dir='ltr' id='par_1_9' title="bbox 309 3141 2550 3299">
     <span class='ocr_line' id='line_1_27' title="bbox 489 3141 2550 3221; baseline 0 -19"><span class='ocrx_word' id='word_1_196' title='bbox 489 3141 661 3219; x_wconf 85' lang='lat' dir='ltr'><strong>Quae</strong></span> <span class='ocrx_word' id='word_1_197' title='bbox 717 3152 1210 3204; x_wconf 83' lang='lat' dir='ltr'><strong>commemoratur</strong></span> <span class='ocrx_word' id='word_1_198' title='bbox 1273 3143 1565 3205; x_wconf 77' lang='grc' dir='ltr'>δέσποινα</span> <span class='ocrx_word' id='word_1_199' title='bbox 1622 3143 1731 3220; x_wconf 87' lang='grc' dir='ltr'><strong>τῆς</strong></span> <span class='ocrx_word' id='word_1_200' title='bbox 1785 3142 2152 3221; x_wconf 80' lang='grc' dir='ltr'><em>οἰκουμένης</em></span> <span class='ocrx_word' id='word_1_201' title='bbox 2209 3144 2409 3205; x_wconf 92' lang='lat' dir='ltr'><strong>nescio</strong></span> <span class='ocrx_word' id='word_1_202' title='bbox 2471 3164 2550 3203; x_wconf 90' lang='lat' dir='ltr'><strong>an</strong></span> 
     </span>
     <span class='ocr_line' id='line_1_28' title="bbox 309 3232 946 3299; baseline 0 -6"><span class='ocrx_word' id='word_1_203' title='bbox 309 3234 389 3293; x_wconf 83' lang='lat' dir='ltr'><strong>sit</strong></span> <span class='ocrx_word' id='word_1_204' title='bbox 431 3232 476 3295; x_wconf 84' lang='lat' dir='ltr'><strong>J</strong></span> <span class='ocrx_word' id='word_1_205' title='bbox 478 3232 604 3294; x_wconf 89' lang='lat' dir='ltr'><strong>ulia</strong></span> <span class='ocrx_word' id='word_1_206' title='bbox 649 3232 946 3299; x_wconf 88' lang='lat' dir='ltr'><strong>Mamaea.</strong></span> 
     </span>
    </p>
   </div>
   <div class='ocr_carea' id='block_1_9' title="bbox 401 3425 2190 3618">
    <p class='ocr_par' dir='ltr' id='par_1_10' title="bbox 401 3425 2190 3618">
     <span class='ocr_line' id='line_1_29' title="bbox 401 3425 2190 3511; baseline -0.002 -15"><span class='ocrx_word' id='word_1_207' title='bbox 401 3425 527 3496; x_wconf 86' lang='lat'><strong>48.</strong></span> <span class='ocrx_word' id='word_1_208' title='bbox 575 3425 885 3496; x_wconf 78' lang='lat' dir='ltr'><strong>Bassus.</strong></span> <span class='ocrx_word' id='word_1_209' title='bbox 980 3429 1158 3489; x_wconf 88' lang='lat' dir='ltr'><strong>Anno</strong></span> <span class='ocrx_word' id='word_1_210' title='bbox 1208 3431 1334 3491; x_wconf 85' lang='lat'><strong>303</strong></span> <span class='ocrx_word' id='word_1_211' title='bbox 1382 3450 1575 3511; x_wconf 89' lang='lat' dir='ltr'><strong>usque</strong></span> <span class='ocrx_word' id='word_1_212' title='bbox 1621 3429 1700 3491; x_wconf 85' lang='lat' dir='ltr'><strong>ad</strong></span> <span class='ocrx_word' id='word_1_213' title='bbox 1745 3428 1899 3492; x_wconf 88' lang='lat' dir='ltr'><strong>med.</strong></span> <span class='ocrx_word' id='word_1_214' title='bbox 1950 3451 2004 3490; x_wconf 84' lang='lat' dir='ltr'><strong>a.</strong></span> <span class='ocrx_word' id='word_1_215' title='bbox 2042 3431 2190 3492; x_wconf 86' lang='lat'><strong>304.</strong></span> 
     </span>
     <span class='ocr_line' id='line_1_30' title="bbox 487 3537 1941 3618; baseline 0.001 -21"><span class='ocrx_word' id='word_1_216' title='bbox 487 3537 762 3615; x_wconf 88' lang='lat' dir='ltr'><strong>Ruinart‚</strong></span> <span class='ocrx_word' id='word_1_217' title='bbox 811 3537 965 3597; x_wconf 86' lang='lat' dir='ltr'><strong>Acta</strong></span> <span class='ocrx_word' id='word_1_218' title='bbox 1004 3538 1420 3618; x_wconf 87' lang='lat' dir='ltr'><strong>primor.mart.</strong></span> <span class='ocrx_word' id='word_1_219' title='bbox 1471 3559 1532 3618; x_wconf 90' lang='lat' dir='ltr'><strong>p.</strong></span> <span class='ocrx_word' id='word_1_220' title='bbox 1569 3538 1941 3600; x_wconf 85' lang='lat'><strong>443—444.</strong></span> 
     </span>
    </p>
   </div>
   <div class='ocr_carea' id='block_1_10' title="bbox 394 3692 1851 3886">
    <p class='ocr_par' dir='ltr' id='par_1_11' title="bbox 394 3692 1851 3886">
     <span class='ocr_line' id='line_1_31' title="bbox 394 3692 1851 3766; baseline -0.003 -2"><span class='ocrx_word' id='word_1_221' title='bbox 394 3693 523 3764; x_wconf 84' lang='lat'><strong>49.</strong></span> <span class='ocrx_word' id='word_1_222' title='bbox 570 3693 623 3766; x_wconf 84' lang='lat' dir='ltr'><strong>J</strong></span> <span class='ocrx_word' id='word_1_223' title='bbox 624 3692 952 3766; x_wconf 79' lang='lat' dir='ltr'><strong>ustinus.</strong></span> <span class='ocrx_word' id='word_1_224' title='bbox 1052 3697 1312 3759; x_wconf 83' lang='lat' dir='ltr'><strong>Dimidio</strong></span> <span class='ocrx_word' id='word_1_225' title='bbox 1359 3700 1548 3759; x_wconf 85' lang='lat' dir='ltr'><strong>altero</strong></span> <span class='ocrx_word' id='word_1_226' title='bbox 1596 3719 1652 3763; x_wconf 91' lang='lat' dir='ltr'><strong>a.</strong></span> <span class='ocrx_word' id='word_1_227' title='bbox 1704 3698 1851 3760; x_wconf 89' lang='grc'><strong>304.</strong></span> 
     </span>
     <span class='ocr_line' id='line_1_32' title="bbox 483 3806 1220 3886; baseline 0.007 -20"><span class='ocrx_word' id='word_1_228' title='bbox 483 3806 741 3867; x_wconf 86' lang='lat' dir='ltr'><strong>Ruinart</strong></span> <span class='ocrx_word' id='word_1_229' title='bbox 784 3806 826 3865; x_wconf 93' lang='lat' dir='ltr'><strong>l.</strong></span> <span class='ocrx_word' id='word_1_230' title='bbox 875 3826 925 3865; x_wconf 90' lang='lat' dir='ltr'><strong>c.</strong></span> <span class='ocrx_word' id='word_1_231' title='bbox 975 3827 1032 3886; x_wconf 92' lang='lat' dir='ltr'><strong>p.</strong></span> <span class='ocrx_word' id='word_1_232' title='bbox 1074 3808 1220 3871; x_wconf 86' lang='lat'><strong>448.</strong></span> 
     </span>
    </p>
   </div>
   <div class='ocr_carea' id='block_1_11' title="bbox 309 3983 2547 4156">
    <p class='ocr_par' dir='ltr' id='par_1_12' title="bbox 309 3983 2547 4156">
     <span class='ocr_line' id='line_1_33' title="bbox 487 3983 2547 4066; baseline 0 -22"><span class='ocrx_word' id='word_1_233' title='bbox 487 3983 803 4046; x_wconf 84' lang='lat' dir='ltr'><strong>Accedunt</strong></span> <span class='ocrx_word' id='word_1_234' title='bbox 847 3993 1133 4066; x_wconf 86' lang='lat' dir='ltr'><strong>quattuor</strong></span> <span class='ocrx_word' id='word_1_235' title='bbox 1177 3986 1405 4060; x_wconf 90' lang='lat' dir='ltr'><strong>incerti,</strong></span> <span class='ocrx_word' id='word_1_236' title='bbox 1455 4005 1606 4066; x_wconf 89' lang='lat' dir='ltr'><strong>quos</strong></span> <span class='ocrx_word' id='word_1_237' title='bbox 1635 3986 1698 4046; x_wconf 93' lang='lat' dir='ltr'><strong>in</strong></span> <span class='ocrx_word' id='word_1_238' title='bbox 1729 4005 1999 4046; x_wconf 91' lang='lat' dir='ltr'><strong>nummos</strong></span> <span class='ocrx_word' id='word_1_239' title='bbox 2030 3985 2380 4065; x_wconf 84' lang='lat' dir='ltr'><strong>Byzantinis</strong></span> <span class='ocrx_word' id='word_1_240' title='bbox 2413 4005 2547 4045; x_wconf 89' lang='lat' dir='ltr'><strong>cum</strong></span> 
     </span>
     <span class='ocr_line' id='line_1_34' title="bbox 309 4073 1974 4156; baseline 0.001 -19"><span class='ocrx_word' id='word_1_241' title='bbox 309 4073 603 4137; x_wconf 82' lang='lat' dir='ltr'><strong>uxoribus</strong></span> <span class='ocrx_word' id='word_1_242' title='bbox 650 4076 1097 4136; x_wconf 87' lang='lat' dir='ltr'><strong>commemorari</strong></span> <span class='ocrx_word' id='word_1_243' title='bbox 1142 4085 1286 4156; x_wconf 90' lang='lat' dir='ltr'><strong>puto</strong></span> <span class='ocrx_word' id='word_1_244' title='bbox 1335 4074 1432 4156; x_wconf 87' lang='lat' dir='ltr'><strong>(cf.</strong></span> <span class='ocrx_word' id='word_1_245' title='bbox 1483 4076 1820 4136; x_wconf 80' lang='lat' dir='ltr'><strong>Excursum</strong></span> <span class='ocrx_word' id='word_1_246' title='bbox 1865 4074 1974 4156; x_wconf 81' lang='lat' dir='ltr'><strong>A):</strong></span> 
     </span>
    </p>
   </div>
   <div class='ocr_carea' id='block_1_12' title="bbox 309 4202 734 4208">
    <p class='ocr_par' dir='ltr' id='par_1_13' title="bbox 309 4202 734 4208">
     <span class='ocr_line' id='line_1_35' title="bbox 309 4202 734 4208; baseline 0 0"><span class='ocrx_word' id='word_1_247' title='bbox 309 4202 734 4208; x_wconf 95' lang='lat' dir='ltr'><strong> </strong></span> 
     </span>
    </p>
   </div>
   <div class='ocr_carea' id='block_1_13' title="bbox 309 4266 2546 4554">
    <p class='ocr_par' dir='ltr' id='par_1_14' title="bbox 309 4266 2546 4554">
     <span class='ocr_line' id='line_1_36' title="bbox 489 4266 2544 4394; baseline -0 -72"><span class='ocrx_word' id='word_1_248' title='bbox 489 4268 599 4394; x_wconf 57' lang='lat'><strong>3¹¹8</strong></span> <span class='ocrx_word' id='word_1_249' title='bbox 564 4267 673 4323; x_wconf 86' lang='lat' dir='ltr'><strong>Sub</strong></span> <span class='ocrx_word' id='word_1_250' title='bbox 692 4268 1002 4340; x_wconf 85' lang='lat' dir='ltr'><strong>[Macrino],</strong></span> <span class='ocrx_word' id='word_1_251' title='bbox 1022 4267 1350 4353; x_wconf 78' lang='lat' dir='ltr'><strong>Elagabalo,</strong></span> <span class='ocrx_word' id='word_1_252' title='bbox 1371 4268 1573 4324; x_wconf 82' lang='lat' dir='ltr'><strong>Severo</strong></span> <span class='ocrx_word' id='word_1_253' title='bbox 1583 4266 1916 4337; x_wconf 82' lang='lat' dir='ltr'><strong>Alexandro,</strong></span> <span class='ocrx_word' id='word_1_254' title='bbox 1936 4266 2252 4334; x_wconf 84' lang='lat' dir='ltr'><strong>Maximino,</strong></span> <span class='ocrx_word' id='word_1_255' title='bbox 2274 4266 2544 4351; x_wconf 81' lang='lat' dir='ltr'><strong>Philippo.</strong></span> 
     </span>
     <span class='ocr_line' id='line_1_37' title="bbox 571 4338 2546 4410; baseline -0.001 -16"><span class='ocrx_word' id='word_1_256' title='bbox 571 4356 627 4394; x_wconf 92' lang='lat' dir='ltr'><strong>m</strong></span> <span class='ocrx_word' id='word_1_257' title='bbox 663 4356 795 4397; x_wconf 81' lang='lat' dir='ltr'><strong>vero</strong></span> <span class='ocrx_word' id='word_1_258' title='bbox 832 4356 933 4410; x_wconf 87' lang='lat' dir='ltr'><strong>per</strong></span> <span class='ocrx_word' id='word_1_259' title='bbox 967 4338 1273 4409; x_wconf 84' lang='lat' dir='ltr'><strong>quindecim</strong></span> <span class='ocrx_word' id='word_1_260' title='bbox 1309 4355 1542 4407; x_wconf 86' lang='lat' dir='ltr'><strong>menses,</strong></span> <span class='ocrx_word' id='word_1_261' title='bbox 1581 4339 1778 4408; x_wconf 86' lang='lat' dir='ltr'><strong>quibus</strong></span> <span class='ocrx_word' id='word_1_262' title='bbox 1805 4339 2082 4395; x_wconf 81' lang='lat' dir='ltr'><strong>Macrinus</strong></span> <span class='ocrx_word' id='word_1_263' title='bbox 2117 4338 2392 4409; x_wconf 83' lang='lat' dir='ltr'><strong>regnavit,</strong></span> <span class='ocrx_word' id='word_1_264' title='bbox 2430 4347 2546 4393; x_wconf 85' lang='lat' dir='ltr'><strong>tres</strong></span> 
     </span>
     <span class='ocr_line' id='line_1_38' title="bbox 309 4409 2546 4496; baseline -0.001 -29"><span class='ocrx_word' id='word_1_265' title='bbox 309 4415 603 4481; x_wconf 79' lang='lat' dir='ltr'><strong>praeterea</strong></span> <span class='ocrx_word' id='word_1_266' title='bbox 648 4411 825 4496; x_wconf 80' lang='lat' dir='ltr'><strong>legati</strong></span> <span class='ocrx_word' id='word_1_267' title='bbox 862 4411 1035 4470; x_wconf 83' lang='lat' dir='ltr'><strong>Moes.</strong></span> <span class='ocrx_word' id='word_1_268' title='bbox 1072 4411 1172 4468; x_wconf 82' lang='lat' dir='ltr'><strong>inf.</strong></span> <span class='ocrx_word' id='word_1_269' title='bbox 1209 4412 1507 4468; x_wconf 83' lang='lat' dir='ltr'><strong>tradantur</strong></span> <span class='ocrx_word' id='word_1_270' title='bbox 1540 4427 1753 4481; x_wconf 85' lang='lat' dir='ltr'><strong>parum,</strong></span> <span class='ocrx_word' id='word_1_271' title='bbox 1789 4409 2089 4468; x_wconf 81' lang='lat' dir='ltr'><strong>verisimile</strong></span> <span class='ocrx_word' id='word_1_272' title='bbox 2126 4419 2242 4479; x_wconf 84' lang='lat' dir='ltr'><strong>est,</strong></span> <span class='ocrx_word' id='word_1_273' title='bbox 2279 4410 2546 4467; x_wconf 83' lang='lat' dir='ltr'><strong>Juvenem</strong></span> 
     </span>
     <span class='ocr_line' id='line_1_39' title="bbox 309 4482 1238 4554; baseline 0.003 -17"><span class='ocrx_word' id='word_1_274' title='bbox 309 4482 409 4538; x_wconf 87' lang='lat' dir='ltr'><strong>sub</strong></span> <span class='ocrx_word' id='word_1_275' title='bbox 449 4482 640 4539; x_wconf 86' lang='lat' dir='ltr'><strong>eodem</strong></span> <span class='ocrx_word' id='word_1_276' title='bbox 675 4484 1008 4554; x_wconf 80' lang='lat' dir='ltr'><strong>imperatore</strong></span> <span class='ocrx_word' id='word_1_277' title='bbox 1045 4483 1238 4541; x_wconf 86' lang='lat' dir='ltr'><strong>fnisse.</strong></span> 
     </span>
    </p>
   </div>
  </div>
 </body>
</html>
