3200 5217
1583 498 1975 555 ...6-

837 678 1212 738 Ptolemaeus
1260 677 1505 759 quidem
1562 679 1626 737 in
1673 676 2072 757 descriptione
2126 676 2287 736 illius
2333 676 2468 736 finis
2516 675 2901 737 occidentalis

658 767 1101 847 aliquantulum
1158 770 1412 841 erravit,
1474 788 1609 827 cum
1669 766 1833 848 quod
1892 786 2028 827 eum
2083 786 2192 847 per
2235 767 2588 846 Pangaeum
2641 776 2902 828 montem

659 857 862 931 duxit,
912 865 1039 917 tum
1087 856 1247 937 quod
1295 857 1618 917 confinium
1667 857 1958 916 Thraciae
2009 856 2396 937 Moesiaeque
2444 858 2772 937 superioris
2821 856 2900 916 ad

657 947 876 1006 lineam
938 949 1167 1028 posuit,
1233 967 1390 1027 quae
1452 947 1529 1007 ab
1595 946 1815 1008 Orbelo
1876 955 2075 1006 monte
2134 945 2275 1005 inde
2334 947 2400 1006 in
2464 945 2668 1007 Giabri
2730 947 2901 1006 fluvii

658 1038 852 1096 fontes
900 1036 1151 1100 ducitur.

834 1125 992 1187 Nam
1040 1128 1090 1185 si
1136 1127 1272 1186 finis
1318 1147 1424 1207 per
1470 1127 1825 1205 Pangaeum
1872 1123 2183 1187 ducendus
2228 1134 2415 1199 esset,
2467 1126 2699 1186 colonia
2744 1127 2902 1187 Iulia

656 1215 1062 1295 Philippensis
1108 1217 1223 1276 sita
1270 1223 1426 1276 esset
1471 1217 1535 1276 in
1581 1216 1876 1293 Thracia,
1940 1214 2001 1274 id
2050 1213 2211 1297 quod
2270 1224 2331 1275 et
2376 1217 2560 1292 ipsius
2607 1215 2899 1278 Ptolemai

661 1308 746 1383 (3,
801 1307 903 1378 12,
955 1305 1062 1383 28)
1121 1315 1184 1365 et
1239 1305 1513 1366 omnibus
1572 1306 1821 1387 reliquis
1880 1306 2229 1365 testimoniis
2286 1325 2525 1385 prorsus
2582 1306 2896 1373 refutatur.

659 1395 861 1469 Quare
935 1415 1179 1455 necesse
1245 1405 1336 1455 est
1398 1395 1577 1455 finem
1646 1416 1829 1475 supra
1908 1395 2198 1472 regionen
2268 1390 2718 1476 Philippensem
2794 1394 2896 1480 (ad

659 1485 944 1544 verticem
977 1485 1121 1559 fere,
1173 1486 1277 1565 qui
1308 1484 1641 1564 Boz-Dagh
1674 1484 1854 1545 hodie
1887 1479 2131 1566 dicitur)
2184 1483 2404 1545 Orbelo
2437 1499 2638 1545 monte
2669 1485 2894 1561 relict0,

655 1574 908 1634 Nestum
953 1574 1175 1635 flumen
1220 1574 1456 1638 adiisse.

835 1664 1055 1744 Neque
1101 1685 1242 1724 vero
1291 1664 1545 1724 alterum
1591 1663 1761 1739 illud,
1817 1663 1979 1744 quod
2023 1661 2097 1723 de
2130 1664 2384 1723 confinio
2418 1665 2679 1725 Moesiae
2711 1667 2896 1745 Supe-

659 1754 831 1812 rioris
877 1753 1298 1834 Thraciaeque
1346 1754 1582 1834 scripsit
1625 1754 2032 1834 Ptolemaeus,
2082 1752 2323 1833 probari
2367 1763 2581 1836 potest,
2633 1776 2764 1815 cum
2812 1757 2897 1815 ita

657 1841 936 1902 Pautalia
983 1843 1436 1917 excluderetur,
1498 1863 1656 1924 quae
1702 1842 1954 1903 testibus
2002 1844 2233 1903 cunctis
2279 1845 2470 1905 titulis
2517 1847 2895 1926 numinisque

659 1932 958 1992 Thraciae
1012 1933 1140 1992 fuit.
1243 1934 1426 1993 Error
1478 1934 1808 1994 Ptolemaei
1854 1932 1993 1992 inde
2040 1942 2204 1993 ortus
2252 1953 2382 1993 esse
2428 1932 2684 2016 videtur,
2735 1933 2894 2014 quod

661 2042 864 2082 omnes
894 2023 1147 2082 vertices
1179 2023 1340 2083 illius
1371 2024 1632 2101 regionis
1665 2024 2019 2105 (Dunacem,
2046 2023 2477 2096 Dowanitzam‚
2505 2023 2893 2105 Pataritzam)

658 2131 779 2171 uno
829 2111 1038 2173 Orbeli
1084 2114 1322 2172 nomine
1366 2114 1551 2176 novit.
1647 2113 1711 2174 Si
1765 2113 1954 2190 igitur
2006 2112 2288 2172 Pautalia
2345 2114 2409 2172 in
2463 2113 2725 2174 Thracia
2779 2115 2893 2175 sita

658 2203 844 2261 {uisse
899 2201 1171 2282 putanda
1229 2211 1345 2278 est,
1411 2211 1642 2283 oportet
1693 2202 1871 2263 finem
1932 2202 2279 2283 provinciae
2337 2202 2762 2264 occidentalem
2808 2205 2893 2263 ita

662 2290 1000 2352 describere
1044 2301 1114 2351 ut
1158 2312 1338 2369 supra
1383 2294 1658 2368 exposui3
1707 2292 1835 2365 vel,
1883 2300 1953 2351 ut
1994 2312 2120 2352 rem
2166 2292 2341 2352 aliter
2386 2310 2709 2372 exponam,
2757 2294 2890 2353 finis

656 2381 761 2441 ille
815 2378 955 2440 inde
1018 2402 1054 2440 a
1100 2382 1350 2441 Dunace
1410 2382 1568 2442 idem
1632 2383 1756 2442 fere
1811 2381 1994 2441 fuisse
2038 2380 2343 2462 putandus
2390 2392 2505 2464 est,
2566 2385 2671 2463 qui
2718 2383 2892 2444 hodie

659 2470 1009 2548 Bulgariam
1056 2491 1093 2529 a
1138 2471 1491 2532 Macedonia
1538 2479 1600 2532 et
1647 2493 1684 2532 a
1728 2472 1939 2532 Servia
1983 2481 2241 2552 separat.

835 2560 928 2619 De
999 2562 1252 2622 confinio
1325 2561 1622 2622 Thraciae
1677 2561 2065 2642 Moesiaeque
2136 2561 2470 2642 Superioris
2534 2563 2895 2625 conferenda

658 2660 798 2709 sunt
828 2670 986 2729 quae
1018 2651 1539 2712 Domaszewskius
1570 2673 1605 2711 e
1634 2652 1825 2712 titulis
1855 2652 2197 2711 testimonia
2227 2653 2609 2731 congessitl).
2680 2655 2897 2735 Itaque

660 2739 1042 2799 confirmatur
1106 2740 1268 2821 quod
1322 2742 1442 2802 iam
1513 2741 1745 2822 pridem
1816 2740 2173 2801 Dumontius
2200 2736 2254 2825 2)
2301 2761 2362 2826 „0
2415 2744 2690 2819 nummis,
2750 2763 2898 2824 quos

659 2828 895 2888 viderat
969 2831 1029 2888 in
1106 2851 1313 2890 museo
1390 2831 1835 2912 Beligradensi,
1908 2842 2092 2911 atque
2159 2830 2406 2892 Jirecek
2425 2827 2473 2910 ⁸)
2543 2841 2895 2908 statuerant,

663 2918 980 2978 confinium
1045 2918 1196 2979 illud
1256 2921 1321 2980 in
1380 2922 1541 3000 iugis
1605 2921 1924 2995 montium,
2005 2922 2110 3001 qui
2181 2921 2429 2982 flumina
2488 2923 2767 3001 Margum
2829 2944 2899 2983 ac

663 3008 1040 3087 Strymonem
1073 3018 1377 3089 separant,
1426 3010 1562 3072 ideo
1594 3012 1795 3084 fuisse,
1846 3011 1990 3091 quia
2036 3011 2295 3090 vestigia
2339 3010 2589 3090 linguae
2619 3033 2896 3092 graecae,

663 3119 784 3177 qua
832 3098 1103 3158 Thraces
1150 3099 1496 3175 utebantur,
1545 3101 1664 3162 huc
1708 3121 1903 3180 usque
1949 3109 2182 3160 tantum
2226 3102 2548 3181 pertinent.

838 3187 1000 3247 Num
1061 3208 1202 3249 vero
1271 3190 1404 3249 finis
1469 3189 1855 3251 occidentalis
1909 3190 2172 3269 regionis
2234 3189 2515 3251 Serdicae
2570 3212 2765 3273 usque
2826 3192 2905 3253 ad

662 3277 890 3336 Turres
925 3275 1146 3360 (Pirot)
1192 3299 1404 3340 revera
1448 3282 1824 3360 pertinuerit,
1873 3299 1995 3340 non
2042 3280 2186 3340 satis
2234 3290 2487 3356 constat,
2538 3302 2903 3364 quamquam

663 3386 784 3446 non
830 3387 988 3444 nego
1034 3366 1097 3426 id
1143 3369 1272 3429 veri
1317 3370 1508 3430 simile
1559 3390 1708 3444 esse,
1759 3391 1892 3430 cum
1941 3369 2058 3429 duo
2105 3370 2265 3430 tituli
2312 3370 2591 3431 Thracici
2638 3373 2722 3433 ibi
2769 3394 2903 3453 pro-

664 3451 914 3515 dierint4
933 3457 974 3536 ).
1061 3457 1261 3518 Minus
1309 3460 1490 3519 etiam
1538 3470 1775 3521 constat
1818 3480 1960 3519 num
1994 3460 2212 3520 Haemi
2256 3458 2643 3523 occidentalis
2690 3483 2906 3524 aversa

665 3547 1162 3625 septentrionalia
1223 3548 1518 3610 Thraciae
1586 3551 1828 3613 fuerint.
1944 3549 2136 3609 Tituli
2204 3551 2408 3629 graeci
2476 3555 2700 3631 reperti
2768 3563 2907 3613 sunt

663 3634 1075 3696 Berkowitzae
1142 3635 1340 3721 (ΛΕΜ
1394 3641 1501 3719 14,
1557 3643 1714 3716 144,
1787 3661 1846 3698 n.
1900 3638 2132 3721 3—5)‚
2197 3639 2356 3719 apud
2421 3640 2663 3702 Konino
2733 3641 2902 3721 (ibid.

663 3744 718 3800 p.
775 3726 929 3800 158,
1005 3747 1062 3787 n.
1114 3725 1258 3811 48),
1329 3724 1612 3789 Mezdrae
1671 3726 1845 3811 (ibid.
1906 3750 1966 3789 n.
2019 3730 2103 3791 50
2136 3758 2220 3780 -ε
2252 3729 2427 3792 AEM
2479 3734 2590 3806 15,
2647 3753 2705 3811 p.
2756 3732 2904 3806 205,

667 3815 752 3873 70
801 3825 858 3875 et
908 3813 1178 3876 Dumont
1222 3840 1281 3898 p.
1336 3820 1494 3901 564,
1545 3815 1681 3902 ΩΒ).
1775 3819 2242 3895 Berkowitzam,
2302 3820 2408 3879 vix
2457 3821 2494 3880 8
2544 3821 2910 3882 chiliometra

848 3955 889 4023 ¹)
927 3954 1083 4011 ΔΕΜ
1129 3972 1180 4025 p.
1233 3957 1459 4012 152—3.
1543 3956 1767 4014 Diserte
1813 3956 2015 4014 ibidem
2063 3974 2113 4027 p.
2157 3960 2259 4013 129
2306 3972 2387 4025 sq.
2439 3972 2490 4011 v.
2539 3958 2590 4013 d.
2640 3958 2908 4028 exposuit,

667 4024 976 4080 Ptolemaei
1009 4026 1425 4095 discriptionem
1457 4028 1646 4084 finium
1682 4030 1925 4086 Moesiae
1954 4029 2083 4099 Sup.
2113 4029 2298 4085 titulis
2326 4043 2554 4098 prorsus
2584 4030 2907 4087 confirmari.

848 4096 894 4164 2)
931 4096 1124 4154 Revue
1162 4100 1419 4155 Archeol.
1461 4101 1618 4169 1868,
1655 4117 1798 4157 nunc
1837 4100 2124 4172 Melanges
2160 4118 2213 4170 p.
2255 4103 2374 4156 184.

852 4168 895 4239 ⁸)
934 4169 1405 4226 Monatsberichte
1427 4171 1477 4228 d.
1496 4171 1645 4228 Berl.
1664 4173 1841 4229 Akad.
1870 4174 2005 4229 1881
2025 4190 2077 4242 p.
2101 4175 2211 4228 434
2228 4189 2308 4241 sq.
2331 4179 2391 4229 et
2409 4171 2567 4229 ΔΕΜ
2590 4173 2726 4229 1886
2751 4189 2802 4242 p.
2822 4176 2909 4228 44.

846 4239 891 4310 ⁴)
929 4240 1050 4296 GIG
1087 4243 1229 4298 3708
1267 4248 1327 4298 et
1362 4243 1608 4299 Dumont
1643 4261 1695 4313 p.
1733 4246 1854 4300 315.
1917 4243 2107 4313 Neque
2145 4251 2332 4301 tamen
2367 4246 2453 4303 ita
2488 4245 2749 4301 restricte
2785 4260 2907 4302 ves-

667 4309 810 4381 tigia
860 4313 1128 4369 sermonis
1181 4314 1340 4369 latini
1386 4320 1445 4370 et
1489 4315 1681 4385 graeci
1727 4315 2100 4372 circumscribi
2144 4322 2402 4387 possunt3
2456 4331 2626 4385 quare
2674 4321 2733 4372 et
2768 4333 2819 4371 v.
2858 4316 2910 4373 d.

668 4382 1176 4440 Domaszewskium
1214 4386 1272 4440 iu
1311 4385 1688 4455 disputatione
1725 4387 1840 4455 illa,
1891 4404 2050 4455 quam
2090 4404 2256 4456 supra
2301 4388 2542 4457 laudavi,
2593 4387 2659 4444 de
2711 4387 2911 4444 finibus

672 4453 932 4523 Moesiae,
973 4456 1242 4513 eiusmodi
1278 4457 1484 4514 indicia
1519 4459 1709 4530 paullo
1747 4456 1910 4515 nimis
1946 4460 2217 4531 pressisse
2252 4464 2406 4531 puto.
