3200 5217
1530 475 1791 582 ...js
1885 544 1969 567 .-

637 695 796 781 geris
816 698 885 785 ¹),
928 694 1220 780 Drugeris
1239 697 1308 780 2),
1360 700 1631 762 Caenicis
1649 697 1721 783 ⁸),
1763 701 2095 780 Hypsaltis‚
2145 697 2367 762 Bennis
2380 691 2453 782 4),
2502 694 2779 780 Corpillis
2794 692 2870 782 ⁶),

635 791 951 864 Bottiaeis,
1000 789 1225 851 Edonis
1242 786 1313 872 ⁰).
1415 788 1677 864 „Eodem
1739 791 1803 849 in
1860 799 2062 852 tractu
2115 786 2270 874 (scil.
2321 792 2541 851 circum
2588 785 2872 870 Odrysas)

633 888 778 941 sunt
844 879 1136 963 Sialetae,
1203 879 1513 952 Priantae,
1582 879 1899 957 Dolongae
1919 876 1998 960 ⁷),
2065 880 2269 959 Thyni
2287 875 2366 960 Β),
2432 879 2737 941 Celaletae
2753 876 2864 957 ⁹).“

636 968 814 1031 Unde
877 978 1131 1050 apparet
1193 989 1271 1030 ex
1330 968 1562 1041 ordine,
1631 989 1752 1049 quo
1799 969 2031 1030 Plinius
2093 969 2228 1030 illas
2284 978 2494 1047 gentes
2540 974 2868 1041 enumerat,

634 1059 787 1119 nihil
843 1060 1185 1136 argumenti
1244 1058 1399 1119 effici
1443 1078 1640 1138 posse.
1735 1057 2036 1139 Oppidum
2083 1058 2345 1139 denique
2392 1056 2568 1135 Σάλη
2617 1055 2869 1140 (Herod.

637 1151 698 1229 7,
753 1148 934 1226 109),
1000 1148 1097 1209 vel
1151 1147 1349 1216 Salen
1409 1150 1610 1207 vicum
1659 1149 2089 1208 Maronitarum
2138 1149 2291 1226 (Liv.
2342 1150 2457 1222 38,
2518 1151 2632 1221 41,
2695 1151 2732 1208 8
2797 1146 2871 1207 cf.

639 1236 777 1297 adn.
835 1237 1207 1318 Weissenb.)
1276 1237 1376 1298 vel
1436 1236 1610 1304 Salei
1669 1238 2089 1305 mutationem
2147 1236 2341 1321 (Itin.)
2397 1235 2473 1296 ad
2530 1237 2873 1315 strategiam

638 1326 979 1387 Selleticam
1027 1326 1343 1387 referenda
1389 1346 1536 1400 esse,
1586 1328 1829 1386 minime
1876 1336 2124 1388 constat.

821 1416 991 1475 Nihil
1034 1418 1221 1494 igitur
1265 1414 1505 1476 videtur
1547 1416 1785 1476 obstare
1817 1418 2133 1496 quominus
2164 1416 2494 1477 Ptolemaei
2540 1416 2874 1475 testimonio

638 1503 817 1565 fidem
879 1504 1241 1581 tribuamus,
1316 1505 1657 1566 Selleticam
1718 1508 2066 1584 strategiam
2131 1505 2207 1565 ad
2228 1503 2232 1508 ’
2255 1506 2550 1566 Haemum
2613 1513 2876 1565 montem

642 1595 1005 1656 collocantis.
1100 1595 1380 1675 Namque
1425 1596 1488 1656 in
1535 1595 1691 1656 Tab.
1741 1595 2214 1674 Peutingeriana
2261 1615 2444 1676 supra
2489 1596 2670 1668 viam,
2719 1612 2878 1673 quae

642 1683 870 1763 Cabyle
907 1684 1270 1744 Anchialum
1299 1686 1517 1765 pergit,
1554 1683 1713 1763 quod
1745 1705 1962 1744 nomen
1993 1685 2218 1763 legitur
2248 1686 2511 1762 regionis
2540 1693 2610 1743 ut
2639 1681 2878 1743 videtur

638 1785 979 1854 corruptum
1013 1780 1213 1835 Petel.
1251 1779 1300 1834 l.
1340 1781 1547 1846 letica,
1581 1776 1781 1835 nescio
1816 1773 1960 1855 quid
2008 1774 2170 1835 aliud
2205 1776 2283 1834 sit
2321 1776 2436 1834 nisi
2470 1773 2749 1834 Selletica
2769 1767 2875 1854 ¹⁰).

820 1863 1163 1941 Strategiae
1213 1863 1529 1923 Selleticae
1593 1883 1727 1923 cum
1792 1862 2004 1924 divisio
2062 1861 2267 1942 ὀρεινή
2315 1862 2612 1937 tradatur,
2675 1862 2877 1923 verisi-

635 1953 776 2013 mile
824 1961 914 2013 est
960 1954 1139 2013 etiam
1187 1953 1510 2014 πεὸιασίαν
1555 1953 1658 2014 vel
1702 1951 2005 2033 ἐπακρίαν
2051 1954 2148 2039 vel
2193 1951 2504 2031 παράλιον
2550 1953 2753 2014 fuisse.

813 2097 1221 2158 Ptolemaeus:
1269 2093 1428 2174 πρὸς
1474 2097 1539 2157 δὲ
1586 2096 1663 2173 τῇ
1693 2098 2050 2176 Μακεδονίᾳ
2083 2099 2186 2157 καὶ
2233 2096 2325 2178 τῷ
2355 2097 2587 2177 Αἰγαίῳ
2632 2092 2879 2171 πελάγει

638 2181 873 2260 ὁμοίως
905 2185 1261 2265 στρατηγίαὶ
1292 2183 1578 2262 Menedemi,
1613 2182 1894 2264 Δροσικὴ,
1933 2183 2284 2265 Κοιλητικὴ,
2312 2182 2621 2262 Σαπαϊκὴ,
2651 2192 2879 2264 Κορπι-

636 2272 794 2354 λικὴ,
845 2274 1164 2355 Καινικὴ.“

727 2396 816 2466 V.
866 2395 1232 2468 Maedica.

818 2506 1041 2570 Omnes
1088 2510 1410 2590 scriptores
1445 2507 1692 2569 Maedos
1739 2509 1804 2567 in
1836 2508 2104 2568 confiniis
2134 2507 2522 2569 Macedoniae
2553 2508 2876 2568 Thraciae·

639 2618 760 2678 que
806 2596 886 2676 ad
932 2608 1252 2679 utramque
1296 2599 1488 2679 ripam
1534 2598 1864 2680 Strymonis
1909 2599 2079 2658 fluvii
2147 2599 2467 2678 superioris
2527 2594 2876 2677 ponunt11).

636 2688 790 2751 Plin.
839 2690 900 2769 4,
952 2691 1065 2751 41:
1136 2687 1553 2767 „Strymonem
1600 2688 1879 2747 accolunt
1924 2686 2134 2749 dextro
2181 2688 2367 2748 latere
2414 2687 2773 2747 Denseletae
2818 2697 2882 2746 et

819 2826 864 2893 1)
903 2826 966 2881 In
1003 2825 1138 2882 Tab.
1177 2826 1335 2883 Peut.
1375 2826 1523 2882 inter
1559 2826 1764 2882 Anum
1804 2827 1862 2882 e't
1897 2825 2112 2882 Beroen
2150 2827 2505 2881 collocantur.

643 2935 648 2941 -
817 2897 860 2969 ²)
901 2897 1140 2981 Quorum
1175 2914 1372 2954 nomen
1412 2914 1533 2954 cum
1558 2898 1779 2954 nomine
1807 2896 1992 2967 oppidi
2018 2896 2326 2966 Druzipara
2351 2897 2536 2953 nescio
2562 2913 2633 2953 an
2659 2895 2878 2952 coniun-

637 2968 877 3110 gendugl
899 2973 1134 3096 ὃὲξιιίοα
1172 3039 1450 3110 strategis
1489 3040 1638 3096 circa
1675 3040 1852 3109 Apros
1891 3045 1949 3122 et
1987 3038 2311 3094 Bisanthen.
2351 3039 2421 3095 cf.
2460 3038 2622 3094 infra.

820 3111 864 3181 ⁴²)
903 3112 1080 3167 Benni
1117 3112 1188 3168 ad
1224 3112 1404 3182 ipsum
1441 3113 1701 3168 Hebrum.
1778 3112 1860 3167 Of.
1900 3111 2049 3166 infra
2085 3127 2138 3180 p.
2179 3113 2263 3168 22.

819 3184 863 3254 ⁶)
901 3184 1129 3254 Corpilli
1164 3199 1335 3252 prope
1369 3186 1598 3239 Aenum.
1673 3183 1827 3238 Infra
1862 3199 1913 3251 p.
1956 3184 2039 3239 20.

819 3255 867 3325 ⁰)
903 3254 1167 3323 Bottiaei,
1206 3255 1444 3324 Edones,
1486 3254 1703 3309 omnino
1742 3260 1898 3337 trans
1935 3253 2184 3309 Nestum.

823 3328 863 3398 7)
901 3328 1225 3397 Dolongae„
1245 3326 1585 3381 Chersoneso
1622 3341 1875 3394 proxum.
2811 3373 2825 3389 ,

768 3469 780 3483 .
819 3399 865 3483 ξ’)
894 3398 1084 3468 ‚Prope
1129 3398 1416 3464 Thyniada
1466 3397 1721 3466 oppidum
1773 3402 1833 3452 et
1880 3396 2337 3466 promontorium,
2394 3395 2451 3451 in
2503 3396 2669 3453 litore
2714 3395 2881 3452 Ponti

641 3471 875 3668 ξῑχῖῃέὲ
898 3469 1701 3668 ῗέθῖξὲᾜαέἓίἓξὲαοωο,
1721 3539 1960 3596 minores
1980 3540 2278 3610 Rhodopae
2300 3540 2560 3610 subditi“,
2578 3541 2718 3597 Plin.
2738 3544 2877 3607 4,42.

712 3656 724 3668 .
763 3628 820 3668 ln
875 3628 909 3667 a
985 3656 997 3669 .
1110 3654 1120 3666 .

798 3683 867 3755 ¹⁰)
905 3629 1250 3739 Tldmaschek
1277 3684 1676 3755 (Sitzungsber.
1707 3683 1756 3741 d.
1776 3684 1953 3740 Wien.
1982 3684 2157 3740 Akad.
2189 3685 2328 3740 1869
2352 3700 2404 3753 p.
2434 3685 2562 3751 385)
2588 3683 2881 3754 legendum

643 3770 766 3812 esse
813 3755 1010 3838 PETlil
1048 3755 1475 3839 (JoLoLE'I'ICA
1526 3755 1775 3825 putavit,
1823 3757 2158 3824 verbumque
2195 3755 2389 3811 ΡΕΤΕ
2433 3771 2570 3812 voce
2618 3755 2883 3810 Thracica

648 3831 904 3899 quattuor
941 3826 1252 3912 slgnificare
1279 3828 1551 3898 exposuit,
1588 3828 1646 3882 id
1673 3827 1816 3896 quod
1842 3844 1961 3883 cum
1989 3829 2109 3883 loco
2137 3826 2322 3896 Steph.
2344 3827 2480 3895 Byz.
2503 3828 2638 3880 S-V·:
2686 3828 2880 3898 Τετρα·

639 3907 1313 4055 xwprvotzteggiffiriltdctio
1353 3987 1515 4040 quam
1553 3971 1789 4041 protulit
1825 3989 1874 4028 v.
1916 3972 1965 4027 d.
2004 3972 2286 4041 probanda
2326 3987 2446 4026 esse
2485 3970 2719 4055 videtur,
2759 3987 2882 4026 cum

641 4041 885 4110 litterae,
939 4057 1074 4110 quas
1119 4042 1215 4098 111e
1259 4041 1302 4096 C
1345 4050 1404 4098 et
1441 4043 1488 4096 L
1523 4043 1683 4113 legit,
1731 4043 2042 4114 persimiles
2081 4043 2210 4113 sint,
2255 4042 2387 4099 illae
2436 4051 2618 4099 autem
2658 4044 2881 4099 litterae

649 4113 692 4169 O
718 4113 857 4169 nihil
886 4113 1035 4168 aliud
1061 4114 1188 4182 sint,
1218 4129 1380 4181 quam
1406 4113 1833 4186 interpungendi
1858 4116 2049 4186 signa3
2086 4131 2268 4183 neque
2291 4130 2402 4170 vox
2425 4114 2574 4185 Pete,
2613 4115 2662 4170 si
2686 4130 2882 4171 revera

641 4191 900 4256 quattuor
926 4185 1221 4255 significat,
1251 4185 1468 4240 omnino
1497 4187 1567 4240 ad
1591 4187 1924 4242 Coeleticam
1944 4186 2345 4258 (Gololeticam)
2373 4194 2623 4255 spectare
2643 4186 2880 4255 videtur,

640 4272 763 4312 cum
799 4255 939 4312 illud
977 4257 1239 4340 Stephani
1261 4258 1685 4340 ,Τετραχωρτται
1724 4259 1790 4314 de
1827 4258 2021 4313 Bessis
2060 4258 2267 4314 dictum
2307 4258 2399 4328 sit,
2438 4258 2530 4328 qui
2567 4274 2601 4313 a
2640 4258 2881 4315 Goeletis

642 4328 863 4385 omnino
902 4327 1276 4398 distinguendi
1314 4334 1458 4386 sunt.

790 4401 838 4433 ¹²
892 4399 1035 4455 Num
1090 4398 1282 4455 Meldia·
1328 4403 1475 4470 (opp.
1513 4400 1742 4471 Meldia)
1788 4400 1953 4457 iidem
2002 4400 2112 4456 sint
2167 4418 2233 4457 ac
2270 4400 2457 4457 Maedi
2499 4400 2881 4472 (Tomaschek‚

641 4471 829 4528 Zeitsc
866 4489 910 4529 r.
950 4472 1043 4528 ftlr
1082 4469 1236 4528 Oest.
1280 4473 1474 4542 Gymn.
1515 4474 1671 4544 1867,
1708 4490 1762 4544 p.
1802 4475 1943 4546 705),
1978 4472 2114 4529 mihi
2147 4489 2255 4529 non
2291 4481 2527 4532 constat.
