3200 5217
1298 547 1733 607 ..27-

581 725 840 815 Agora
885 728 1024 789 vide
1068 728 1226 789 infra
1270 725 1731 808 Lysimachiam.

582 814 1045 888 Aristaeum.
1104 819 1259 884 Plin.
1296 820 1358 895 4,
1394 819 1508 883 44:
1565 837 1771 901 „mons
1802 818 2071 879 Haemus
2102 816 2385 899 oppidum
2419 817 2640 886 habuit

403 909 468 970 in
518 911 740 971 vertice
785 909 1186 972 Aristaeum.“

582 993 928 1087 Cypasis.
1570 1019 1577 1026 ·

578 1085 830 1157 Dorls-
980 1001 1014 1255 }
1105 1086 1326 1169 Scylax
1370 1108 1425 1167 p.
1476 1090 1555 1151 27
1607 1108 1696 1170 sq.

581 1173 899 1266 Cobrys.

580 1263 813 1356 Drys.
906 1267 1146 1348 Scylax,
1194 1266 1398 1348 Steph.
1448 1269 1611 1348 Byz„
1658 1266 1893 1328 Suidas.

579 1353 995 1425 Doriscus?
1027 1356 1250 1442 Herod.
1287 1359 1347 1432 7,
1384 1359 1497 1433 59τ,
1531 1357 1739 1438 steph.
1773 1359 1918 1438 Byz.
1952 1357 2085 1419 Liv.
2123 1358 2225 1438 31,
2268 1358 2378 1438 163
2427 1355 2640 1420 Aesch.

403 1455 611 1508 contra
657 1447 918 1529 Ctesiph.
968 1449 1082 1524 253
1130 1447 1291 1508 Mela
1338 1449 1398 1522 2,
1449 1449 1517 1524 2;
1566 1447 1721 1507 Plin.
1773 1451 1834 1522 4,
1886 1448 1986 1510 42.

590 1534 837 1605 Ganos
862 1536 926 1597 P?
957 1537 1114 1597 Plin.
1151 1541 1212 1611 4,
1248 1540 1361 1600 47:
1395 1536 1682 1619 oppidum
1711 1537 1845 1622 fuit
1874 1535 2098 1598 Ganos.
2125 1535 2216 1600 cf.
2243 1544 2443 1597 tamen
2466 1536 2640 1598 infra.

579 1623 1032 1694 Mesambria
1049 1629 1258 1708 (prope
1274 1623 1647 1710 Maroneam)
1669 1624 1895 1691 Herod.
1913 1628 1974 1702 7,
1995 1628 2077 1687 59
2096 1623 2256 1686 unde
2274 1625 2478 1707 Steph.
2494 1627 2640 1706 Byz.

583 1711 908 1820 Stryme.
978 1715 1201 1779 Herod.
1244 1721 1300 1790 7,
1340 1718 1494 1794 108;
1543 1717 1844 1777 Demosth.
1888 1737 1945 1796 p.
1982 1717 2108 1777 163
2143 1715 2214 1776 R.
2251 1715 2460 1797 Steph.
2494 1716 2639 1796 Byz.

582 1801 867 1873 Tirlda.
914 1807 1071 1866 Plin.
1109 1810 1168 1887 4,
1204 1809 1322 1883 423
1371 1807 1444 1871 cf.
1478 1815 1683 1867 tamen
1711 1806 1866 1866 infra
1898 1827 1942 1869 s.
1978 1826 2037 1865 v.
2069 1805 2283 1865 Turris
2316 1803 2641 1867 Diomedis.

580 1890 1030 1963 Tiristasis?
1106 1896 1263 1957 Plin.
1324 1900 1384 1970 4,
1437 1899 1547 1957 47:
1613 1897 1836 1964 habuit
1888 1895 2225 1958 Tiristasin.
2318 1894 2479 1975 Scyl.
2528 1896 2641 1977 283

404 1984 710 2049 Demosth.
745 2007 804 2066 p.
846 1987 968 2046 159
1018 1985 1090 2048 R.
1164 1985 1312 2049 Cum
1357 1995 1560 2047 tamen
1605 1984 1823 2047 ibidem
1870 1986 2040 2046 vicus
2070 1984 2420 2053 Peristasis
2464 1983 2643 2044 hodie

407 2084 601 2135 exstet
661 2071 761 2159 (cf.
824 2076 1117 2150 Dumont,
1182 2097 1242 2157 p.
1309 2072 1498 2159 423),
1570 2076 1856 2153 suspicari
1915 2076 2107 2157 possis
2167 2074 2321 2135 falsa
2381 2074 2644 2134 Plinium

405 2163 740 2229 tradidisse.

583 2249 799 2342 Tyle.
845 2253 1060 2335 Polyb.
1112 2259 1172 2336 4,
1208 2259 1312 2320 46.
1384 2254 1589 2336 Steph.
1630 2255 1805 2335 Byz.:
1866 2250 2058 2327 Τύλις.
2129 2251 2305 2330 Quod
2335 2251 2641 2338 oppidum,

405 2364 771 2425 quamquam
815 2342 1060 2405 aliunde
1107 2353 1314 2405 notum
1359 2365 1481 2405 non
1527 2353 1618 2406 est
1662 2365 1862 2426 neque
1908 2346 1970 2404 in
2014 2343 2346 2404 Itinerariis
2394 2361 2643 2402 comme-

403 2443 698 2516 moratur,
763 2435 826 2495 in
887 2435 1023 2494 vico
1082 2434 1340 2515 quodam
1399 2435 1724 2514 Bulgarico
1791 2433 2294 2519 sslovsko-polje
2348 2432 2643 2492 invenisse

403 2522 652 2586 Jirecek
696 2523 812 2584 sibi
842 2525 1009 2584 visus
1042 2533 1152 2599 est,
1186 2533 1431 2606 propter
1463 2525 1773 2585 nominum
1804 2525 2083 2585 nimirum
2115 2539 2326 2583 sonum
2369 2521 2643 2585 similem.

1450 2687 1546 2748 ·B.

814 2811 986 2888 Quae
1033 2820 1232 2873 aetate
1276 2812 1545 2875 Romana
1587 2811 1776 2872 fuisse
1820 2809 2165 2872 traduntur:
2185 2807 2235 2890 1)

1164 2932 1473 3004 Abdera
1523 2930 1873 3022 (Ἄβδηρα)

584 3063 678 3124 De
722 3063 839 3123 situ
885 3059 1258 3123 Abderorum
1304 3062 1635 3140 disputavit
1677 3082 1870 3144 nuper
1915 3062 2103 3141 Regel
2119 3110 2134 3142 ,
2192 3061 2413 3121 Athen.
2463 3056 2638 3120 Mtth.

420 3153 513 3233 12,
569 3153 688 3214 167
725 3172 813 3231 sq.
889 3152 985 3213 De
1019 3153 1257 3213 nomine
1288 3152 1362 3212 cf.
1395 3152 1770 3228 Tzschucke,
1819 3150 1896 3213 ad
1927 3152 2145 3213 Melam
2194 3153 2254 3232 3,
2291 3152 2350 3226 2,
2390 3149 2514 3209 134
2548 3168 2638 3228 sq.

405 3241 701 3303 Universe
753 3241 833 3302 K.
882 3241 951 3302 F.
1000 3241 1336 3315 Hermann,
1405 3242 1680 3303 Versuch
1733 3244 1901 3303 einer
1954 3240 2237 3307 urkundl.
2283 3237 2644 3302 Geschichte

406 3352 527 3392 von
583 3329 828 3418 Abdera
886 3328 1070 3415 (Abh.
1128 3351 1188 3394 u.
1247 3331 1431 3393 Beitr.
1490 3353 1540 3394 z.
1598 3331 1787 3396 klass.
1832 3332 2162 3393 Litteratur
2209 3352 2274 3412 p.
2338 3330 2459 3391 106
2509 3331 2640 3409 sq.).

586 3419 799 3483 Tituli:
848 3421 1135 3502 Dumont,
1183 3442 1242 3501 p.
1292 3423 1421 3481 442
1470 3443 1559 3503 sq.
1611 3422 1684 3482 cf.
1735 3421 1866 3483 CIL
1914 3423 1972 3496 3,
2025 3423 2217 3496 7378,
2269 3421 2461 3481 7379.

585 3510 680 3571 De
704 3511 959 3570 nummis
977 3510 1048 3573 cf.
1079 3512 1258 3571 etiam
1281 3510 1598 3586 Svoron0s‚
1620 3508 1850 3589 Ἐφημ.
1870 3509 2167 3591 Ἀρχαιολ.
2194 3511 2383 3582 1889,
2410 3530 2469 3589 p.
2496 3509 2638 3568 101.

586 3600 804 3661 Aetate
850 3600 1252 3661 Romanorum
1299 3602 1509 3660 civitas
1555 3601 1748 3662 libera
1792 3602 1924 3664 fuit.
1996 3602 2223 3678 Henze,
2271 3601 2365 3660 De
2410 3599 2638 3658 civitat.

404 3690 609 3751 liberis
653 3711 711 3771 p.
761 3692 866 3754 31.

405 3863 546 3920 satis
571 3867 823 3934 constat3
862 3879 986 3921 cum
1012 3870 1199 3922 tamen
1226 3865 1595 3935 periculosum
1623 3864 1700 3921 sit
1725 3863 1994 3920 eiusmodi
2021 3862 2337 3920 discrimina
2376 3867 2640 3929 statuere,

408 3933 591 3991 omnia
629 3951 770 4004 quae
805 3936 901 3993 ille
948 3936 1139 4004 tradit,
1188 3940 1415 4006 praeter
1450 3936 1758 4002 Doriscum,
1806 3935 1990 4005 capite
2035 3934 2349 4004 insequenti
2394 3933 2636 3989 afferam.

592 4008 633 4078 ¹)
672 4007 1024 4079 Singulorum
1060 4009 1276 4064 urbium
1316 4024 1580 4076 nummos,
1629 4006 1722 4076 qui
1769 4007 1824 4062 in
1873 4012 2119 4063 aetatem
2155 4007 2524 4063 Romanorum
2561 4004 2641 4059 in-

408 4078 674 4145 ciderint,
730 4078 978 4136 invenies
1038 4080 1185 4149 apud
1234 4079 1620 4150 compilatores
1670 4095 1838 4149 supra
1887 4080 1962 4150 (ι).
2010 4082 2045 4134 2
2098 4078 2222 4134 adn.
2264 4079 2315 4150 l)
2361 4076 2641 4146 laudatos3

411 4150 460 4207 si
500 4150 631 4219 quid
667 4156 960 4220 praeterea
996 4150 1273 4208 interdum
1312 4152 1632 4222 accesserit,
1674 4165 1774 4206 suo
1811 4151 1932 4206 loco
1972 4150 2217 4206 afferam.

586 4221 730 4279 Item
782 4223 1109 4293 scriptorum
1159 4223 1478 4279 testimonia
1524 4223 1596 4279 ad
1645 4221 1866 4293 singula
1904 4221 2105 4294 oppida
2141 4219 2474 4291 spectantia,
2520 4234 2642 4274 con-

407 4298 728 4364 gesserunt:

511 4361 840 4436 -Torbiger,
882 4382 924 4421 s.
964 4383 1050 4422 vv.
1091 4366 1332 4423 Thracia
1368 4372 1427 4423 et
1462 4366 1688 4424 Moesia.

556 4436 865 4504 Tzehucke‚
904 4438 975 4493 ad
1009 4438 1210 4495 Melam
1247 4440 1352 4507 2,2.

559 4507 621 4569 0.
656 4508 872 4578 Mtiller,
910 4508 966 4567 in
1004 4509 1248 4567 editione
1285 4509 1590 4568 Ptolemaei
1627 4510 1814 4584 (1883)
1852 4506 1953 4566 sub
1990 4523 2108 4580 cap.
2150 4508 2207 4562 11
2252 4504 2381 4563 libri
2416 4506 2465 4562 3.
