3200 5217
1283 505 1721 562 —11—

381 689 541 741 recte
588 679 1034 762 Marquardtius
1091 679 1190 760 (1,
1242 683 1368 743 313
1433 680 1570 741 adn.
1624 679 1689 763 2)
1753 679 2010 741 eundem
2069 701 2201 744 esse
2249 682 2502 742 coniecit
2549 702 2620 742 ac

369 778 857 856 procuratorem
897 794 1072 856 prov.
1119 771 1515 857 Hellesponti
1562 769 1723 855 (CIL
1771 773 1829 848 5,
1884 773 2010 832 875
2031 818 2045 847 ,
2094 771 2206 833 sub
2252 772 2617 846 Domitiano,

379 870 449 922 ut
493 861 758 941 videtur)
775 857 845 944 ¹).

559 951 962 1012 Chersonesus
1026 959 1226 1012 utrum
1288 952 1631 1033 proconsuli
1678 952 1863 1013 Asiae
1922 972 2001 1012 an
2057 953 2260 1032 legato
2323 952 2620 1013 Thraciae

380 1042 667 1121 paruerit,
716 1040 983 1102 nondum
1028 1051 1121 1101 sat
1167 1050 1327 1102 certo
1360 1052 1605 1103 constat.
1677 1044 2079 1103 Mommsenus
2127 1042 2523 1125 (Staatsrecht
2556 1045 2616 1124 3,

386 1133 556 1192 1260
604 1130 741 1193 adn.
780 1133 846 1212 3)
893 1133 1137 1205 monuit,
1191 1132 1515 1192 verisimile
1563 1153 1692 1193 esse
1740 1134 1977 1194 Sestum
2000 1133 2183 1193 Asiae
2228 1133 2434 1212 fuisse,
2484 1153 2619 1193 cum

377 1223 443 1281 in
486 1223 743 1281 nummis
802 1221 1161 1302 quibusdam
1207 1221 1418 1282 Sestiis
1475 1232 1659 1303 caput
1703 1222 1960 1284 Senatus
2015 1245 2075 1303 p.
2124 1223 2197 1284 R.
2257 1223 2617 1295 inveniatur,

376 1310 440 1372 id
487 1310 650 1392 quod
694 1312 1023 1392 praecipue
1068 1312 1133 1371 in
1177 1313 1432 1371 nummis
1480 1312 1664 1372 Asiae
1725 1314 1997 1374 occurrit.
2092 1313 2252 1372 Num
2298 1332 2442 1373 vero
2496 1320 2621 1372 tota

376 1400 784 1462 Chersonesus
844 1421 1080 1482 semper
1141 1400 1253 1461 sub
1316 1403 1667 1481 proconsule
1720 1403 1906 1463 Asiae
1967 1403 2179 1476 fuerit,
2250 1411 2319 1463 ut
2379 1402 2620 1463 Domas-

374 1489 669 1551 zewskius
717 1492 876 1570 (CIL
925 1493 983 1572 3,
1036 1493 1210 1553 7380
1256 1486 1403 1573 adn)
1453 1493 1684 1565 statuit,
1732 1512 1944 1572 parum
1991 1501 2238 1554 constat.

556 1582 711 1642 Sunt
753 1590 980 1662 tamen,
1037 1590 1106 1642 ut
1153 1582 1395 1662 opinor,
1453 1580 1700 1663 indicia,
1761 1582 2195 1645 Chersonesum
2240 1602 2361 1643 non
2409 1580 2514 1642 diu
2557 1583 2621 1641 in

373 1693 438 1732 re
495 1671 775 1732 familiari
836 1673 1259 1752 imperatorum
1314 1673 1714 1751 permansisse
1768 1671 1875 1733 sed
1932 1673 2101 1733 brevi
2156 1674 2218 1731 in
2274 1672 2621 1752 provinciae

373 1763 624 1823 formam
677 1760 983 1821 redactam
1040 1781 1197 1841 esse,
1262 1760 1361 1820 vel
1416 1763 1617 1842 potius
1674 1764 2019 1842 provinciae
2074 1760 2310 1822 cuidam
2355 1760 2619 1821 additam

374 1873 531 1914 esse:
582 1851 872 1933 Dumont‚
923 1873 980 1911 n.
1034 1852 1203 1914 1100
1251 1848 1550 1934 (Coelae):
1599 1849 2123 1930 ἐπιτροπεύοντος
2174 1857 2282 1929 τῆς
2326 1851 2622 1927 ἐπαρχίας

372 1948 482 2004 Φλ.
511 1937 932 2019 Εὐγενέτορος
955 1949 1016 2002 et
1037 1963 1094 2004 n.
1129 1944 1338 2004 lllc6
1378 1940 1689 2028 (Madytoz
1721 1937 1878 2004 κατὰ
1902 1937 2016 2022 τὴν
2039 1940 2342 2020 ἐπαρχίαν
2366 1939 2617 2019 ταύτην.

373 2033 567 2110 Quem
643 2041 1082 2111 procuratorem
1155 2038 1264 2109 τῆς
1332 2031 1628 2109 ἐπαρχίας
1690 2052 1726 2091 a
1777 2054 1950 2118 proc.
2008 2055 2134 2118 req.
2241 2029 2622 2099 Chersonesi

377 2121 677 2182 diversum
737 2121 924 2181 fuisse
988 2123 1115 2182 veri
1162 2123 1368 2183 semile
1422 2131 1539 2197 est3
1600 2124 1707 2182 vix
1754 2123 1910 2182 enim
1964 2120 2227 2200 ἐπαρχία
2284 2122 2457 2207 reyio
2506 2118 2621 2179 dici

373 2221 624 2292 poterat.
706 2210 1030 2287 Quaeritur
1081 2214 1296 2291 igitur,
1354 2213 1488 2294 quis
1533 2212 1638 2272 ille
1679 2219 2063 2297 procurator
2098 2212 2477 2296 provinciae
2527 2211 2617 2270 sit.

372 2301 578 2363 Potest
632 2299 872 2381 quidem
918 2302 1076 2376 fieri,
1131 2311 1201 2363 ut
1232 2309 1623 2388 procurator
1656 2324 1839 2387 prov.
1898 2301 2215 2370 Thraciae
2258 2300 2357 2359 hic
2402 2300 2617 2376 lateat3

372 2401 495 2452 tum
557 2392 741 2452 aetati
803 2399 945 2451 ante
1006 2412 1062 2452 a.
1124 2394 1206 2452 82
1263 2393 1470 2453 titulus
1525 2391 1880 2453 tribuendus
1938 2400 2057 2466 est,
2116 2412 2250 2451 cum
2305 2390 2408 2450 illo
2463 2410 2620 2450 anno

368 2483 640 2561 regimen
692 2490 1145 2561 procuratorum
1192 2482 1489 2543 Thraciae
1544 2482 1847 2542 sublatum
1905 2482 2008 2555 sit,
2066 2491 2135 2541 ut
2178 2480 2334 2539 infra
2381 2478 2621 2540 <lemon-

372 2570 679 2636 strabitur.
755 2571 1035 2632 Fortasse
1081 2581 1284 2632 tamen
1328 2571 1484 2632 idem
1531 2579 1623 2631 est
1668 2592 1737 2630 ac
1772 2594 1947 2657 proc.
1987 2592 2164 2656 prov.
2203 2569 2616 2654 Hellesponti,

374 2661 449 2721 de
496 2681 617 2743 quo
641 2661 793 2720 nihil
832 2681 978 2722 sane
1023 2661 1306 2722 traditum
1356 2674 1461 2735 est,
1511 2670 1754 2741 praeter
1798 2661 1962 2721 illam
2010 2661 2387 2733 mentionem,
2439 2680 2618 2740 quam

372 2771 555 2832 supra
608 2751 802 2811 attuli.
896 2750 1072 2827 Quod
1128 2753 1178 2812 si
1234 2753 1320 2811 ita
1377 2760 1497 2826 est,
1553 2750 1793 2812 videtur
1841 2772 2014 2836 proc.
2065 2773 2189 2836 req.
2242 2746 2620 2817 Chersonesi

373 2843 485 2902 sub
522 2863 700 2926 proc,
745 2863 918 2925 prov.
951 2841 1346 2926 Hellesponti
1392 2842 1579 2901 fuisse
1590 2838 1667 2923 2).
1733 2840 1926 2917 Quam
1975 2839 2078 2901 diu
2123 2848 2325 2899 tamen
2356 2840 2619 2924 provin·

375 2933 477 2999 cia
520 2930 952 3011 Hellespontus
1012 2941 1452 3007 procuratorem
1510 2932 1604 2991 sui
1664 2932 1811 2990 iuris
1869 2929 2176 3005 habuerit,
2236 2928 2402 2988 nullo
2449 2926 2622 2988 mode

377 3029 639 3097 constat3
689 3040 875 3081 unum
919 3021 1111 3081 solum
1158 3019 1441 3081 indicium
1487 3022 1550 3080 in
1580 3020 1694 3080 hac
1741 3020 1993 3081 obscura
2040 3020 2392 3101 quaestione
2437 3017 2621 3078 habe-

377 3131 528 3172 mus,
600 3111 813 3170 Exstat
858 3111 1014 3170 enim
1053 3109 1165 3171 111.
1217 3119 1283 3171 ut
1313 3109 1552 3171 videtur
1583 3109 1807 3171 saeculi
1831 3110 2041 3170 titulus
2067 3110 2224 3170 Sesti
2261 3104 2617 3190 repertusss),

379 3202 486 3282 qui
530 3202 648 3260 nisi
695 3220 773 3259 ex
819 3200 964 3260 Asia
1010 3200 1332 3261 translatus
1379 3210 1471 3260 est
1486 3196 1535 3278 4)
1552 3246 1566 3275 ,
1625 3198 1991 3261 demonstrat
2036 3197 2471 3259 Chersonesum
2518 3197 2621 3257 ali-

380 3288 620 3371 quando
665 3288 777 3349 sub
814 3291 1112 3374 praeside
1141 3290 1537 3375 Hellesponti
1582 3290 1766 3350 fuisse
1780 3287 1850 3370 ⁶).
1930 3289 2125 3366 Quem
2169 3288 2407 3348 titulum
2439 3288 2621 3348 aetati

379 3388 514 3460 post
557 3380 792 3460 imperii
838 3378 1188 3440 divisionem
1234 3379 1515 3455 tribuere,
1565 3399 1724 3461 quae
1765 3380 1952 3457 vulgo
1978 3378 2335 3439 Diocletiani
2383 3375 2620 3443 dicitur.

380 3478 548 3529 vetat
605 3469 942 3550 Hierocles,
1007 3473 1111 3550 qui
1174 3469 1452 3550 (Synecd.
1516 3492 1576 3550 p.
1645 3471 1797 3547 632)
1859 3469 2194 3549 Callipolim
2259 3477 2321 3527 et
2381 3466 2621 3529 Coelam

383 3560 554 3640 (ergo
571 3567 758 3619 totam
776 3556 1234 3639 Chersonesum)
1251 3561 1406 3619 inter
1428 3559 1610 3620 urbes
1632 3559 1980 3640 provinciae
2002 3559 2305 3643 Europae
2328 3565 2616 3637 recenset,

567 3753 610 3824 ²)
646 3752 984 3820 Hirschfeld,
1022 3753 1248 3810 Ritterl.
1276 3752 1938 3821 Provinzialstatthalter,
1996 3751 2369 3822 Sitzungsber.
2399 3751 2447 3805 d.
2476 3751 2619 3807 Berl.

383 3824 686 3880 Akademie
725 3826 880 3879 1889.
919 3842 972 3893 p.
1010 3827 1116 3879 419
1155 3825 1276 3880 adn.
1320 3828 1401 3880 17.

563 3895 607 3965 2)
646 3897 709 3950 In
743 3896 1029 3965 provincia
1052 3896 1189 3952 Asia
1223 3896 1503 3952 invenitur
1540 3902 1598 3952 et
1636 3898 1921 3967 ἐπίτροπος
1952 3897 2205 3966 ῥεγεῶνος
2231 3891 2624 3963 Φιλαδελφηνῆς

387 3967 537 4034 (CIG
569 3969 753 4036 3436),
794 3968 885 4035 qui
925 3968 1114 4024 eodem
1152 3984 1377 4024 munere
1414 3968 1638 4023 functus
1677 3983 1798 4024 esse
1836 3966 2058 4022 videtur
2096 3982 2201 4034 quo
2238 3972 2433 4035 postea
2465 3982 2621 4036 proc.

329 4095 337 4102 ,
391 4039 545 4095 Caes.
572 4040 659 4094 rei
671 4041 943 4111 privatae.
1001 4040 1162 4095 Aliae
1204 4056 1415 4108 quoque
1440 4041 1696 4109 reqiones
1720 4039 1778 4094 in
1805 4039 1998 4094 eadem
2021 4038 2306 4107 provincia
2329 4042 2624 4092 occurrunt

387 4112 713 4183 (Apamena,
739 4111 1112 4177 Eumenetiea,
1137 4110 1372 4180 Milesia,
1412 4111 1554 4167 Plin.
1579 4110 1646 4166 N.
1672 4112 1741 4166 H.
1770 4113 1955 4180 5,113;
1988 4110 2162 4179 1195)
2189 4108 2272 4164 Cf.
2299 4107 2625 4176 Marquardt

388 4186 569 4252 1,337,
621 4182 746 4238 adn.
784 4184 818 4237 6
856 4188 915 4238 et
961 4201 1012 4251 p.
1051 4184 1172 4237 339.
1247 4184 1399 4251 Quae
1443 4187 1633 4239 tamen
1680 4199 1801 4238 cum
1847 4182 2072 4252 reqione
2127 4180 2457 4236 Chersonesi
2494 4178 2621 4235 ideo

387 4254 631 4359 conferari
667 4270 778 4309 non
815 4261 1062 4337 possunt,
1103 4254 1229 4322 quia
1266 4256 1487 4310 nomina
1525 4256 1592 4311 ab
1630 4255 1856 4310 urbibus
1892 4252 2114 4308 habent.

567 4329 614 4467 ⁴3
650 4325 1603 4465 filth‘fpddmvigaeielzzsigepfirssslsim
1639 4398 1883 4454 eiusdem
1919 4396 2120 4480 lapidis
2155 4393 2461 4465 inscriptio.

570 4469 616 4542 ⁵)
654 4469 867 4524 Dextra
904 4469 1059 4524 tituli
1095 4486 1223 4541 pars
1256 4469 1471 4525 omnino
1509 4470 1683 4539 deest,
1722 4469 1950 4526 sinistra
2000 4475 2205 4539 optime
2254 4472 2478 4525 servata
2515 4472 2617 4524 est.
