3200 5217
1531 495 1972 562 ...m-n

816 678 1040 741 Tituli:
1087 678 1228 743 OIG
1259 681 1698 741 2034-2045
1736 682 1929 754 3206,
1967 681 2159 741 6824.
2235 677 2369 741 CIL
2402 681 2460 760 3,
2502 677 2867 755 732-745,

641 772 1101 832 7401—7407.
1164 768 1546 830 Mordtmann
1574 791 1633 832 u.
1671 770 1938 844 Dethier‚
1973 768 2353 850 Epigraphik
2384 789 2502 829 von
2534 771 2867 850 Byzantion

642 860 1008 946 (Denksehr.
1042 856 1099 921 d.
1133 860 1382 921 Wiener
1414 857 1615 923 Akad.
1670 861 1859 939 1864,
1909 879 2049 940 pars
2078 860 2160 920 ΙΙ.
2209 879 2267 935 p.
2310 861 2571 939 1-76).
2662 860 2871 920 Revue

638 949 898 1010 archeol.
955 951 1145 1023 1868,
1204 970 1306 1030 pp.
1360 950 1508 1019 246,
1560 951 1709 1024 247,
1762 951 1909 1022 254,
1961 950 2107 1010 261.
2202 948 2490 1022 Reinach,
2539 948 2870 1028 catalogue

638 1039 720 1101 du
745 1040 948 1100 musee
974 1039 1247 1119 imperial
1271 1037 1661 1119 d'antiquites
1686 1034 2169 1122 (constantinop.
2195 1034 2390 1120 1882)
2417 1059 2474 1119 p.
2498 1040 2703 1099 657—
2721 1040 2866 1099 659.

640 1129 915 1191 Archaol.
950 1128 1232 1190 Zeitschr.
1281 1129 1381 1206 14,
1415 1149 1476 1208 p.
1513 1129 1669 1204 2173
1725 1132 1823 1208 15,
1857 1150 1915 1208 p.
1950 1130 2054 1200 88,
2095 1129 2248 1204 1043
2304 1128 2402 1208 16,
2436 1149 2498 1209 p.
2538 1130 2684 1203 131,
2724 1129 2867 1189 132.

637 1219 855 1282 Athen.
889 1218 1087 1282 Mitth.
1141 1219 1241 1293 10,
1285 1239 1345 1298 p.
1386 1221 1465 1277 15
1497 1238 1597 1298 sq3
1654 1221 1752 1293 11,
1786 1240 1845 1299 p.
1887 1218 2010 1279 132
2044 1237 2132 1297 sq.
2228 1217 2382 1298 Eph.
2417 1218 2530 1297 Ep.
2568 1220 2628 1278 4.
2666 1215 2866 1291 894⁶,

634 1330 689 1370 v.
728 1310 787 1369 7.
866 1306 957 1368 Cf.
1000 1307 1163 1370 BOH
1214 1310 1401 1383 1891,
1451 1328 1510 1387 p.
1548 1308 1694 1367 664.

812 1397 1210 1473 Quaestiones
1243 1396 1705 1477 topographicas
1736 1397 2008 1456 invenies
2041 1393 2203 1476 apud
2236 1396 2522 1468 Dumont‚
2556 1396 2868 1473 Melanges

632 1508 690 1568 p.
718 1488 844 1548 235
879 1508 964 1567 sq.
1010 1485 1114 1569 (cf.
1147 1507 1210 1567 p.
1240 1487 1365 1548 256
1399 1487 1515 1567 sq.)
1559 1496 1620 1546 et
1648 1485 1810 1566 apud
1843 1495 2114 1546 auctores
2153 1484 2232 1544 ab
2261 1484 2365 1545 illo
2395 1483 2670 1546 laudatos
2686 1486 2751 1566 ¹).
2783 1519 2867 1531 —

813 1577 933 1637 Res
980 1575 1142 1657 apud
1176 1576 1532 1655 Byzantium
1576 1586 1796 1655 gestas,
1844 1574 1984 1635 inde
2030 1574 2108 1634 ab
2152 1574 2304 1635 urbe
2350 1595 2387 1634 a
2418 1575 2870 1654 Megarensibus

632 1685 683 1730 a.
730 1667 861 1728 667
911 1687 967 1728 a.
1017 1665 1155 1728 Chr.
1205 1664 1474 1741 condita,
1538 1685 1732 1746 usque
1796 1664 1873 1725 ad
1920 1685 1973 1727 a.
2025 1685 2085 1744 p.
2134 1663 2272 1726 Chr.
2322 1665 2479 1741 330,
2545 1684 2667 1745 quo
2714 1663 2868 1726 Con-

633 1755 1109 1836 stantinopoleos
1155 1775 1264 1816 seu
1298 1755 1462 1829 Νέας
1488 1750 1731 1832 Ῥώμης
1775 1774 1993 1814 nomen
2022 1756 2268 1835 accepit,
2317 1754 2428 1813 soli
2475 1753 2638 1834 quod
2686 1756 2869 1814 sciam

632 1847 954 1906 continuas
1011 1856 1445 1905 enarraverunt
1496 1846 1694 1924 Pauly
1740 1853 1801 1904 et
1848 1844 2037 1905 Smith
2092 1863 2135 1906 s.
2188 1865 2247 1903 v.
2342 1842 2429 1906 cf.
2476 1844 2713 1917 Hense,
2775 1844 2870 1903 De

634 1935 798 1997 civit.
848 1934 1054 1995 liberis
1099 1957 1160 2016 p.
1197 1937 1301 2010 62,
1351 1936 1456 2016 qui
1502 1936 1802 2015 exposuit,
1849 1935 2008 1993 inter
2053 1953 2244 1993 annos
2294 1933 2379 1993 70
2410 1941 2473 1994 et
2506 1935 2587 1995 56
2636 1954 2691 1995 a.
2727 1932 2867 1995 Chr.

635 2026 994 2105 Byzantium
1041 2024 1151 2085 sub
1185 2025 1465 2085 Romanis
1511 2024 1865 2103 dignitatem
1912 2024 2172 2083 civitatis
2219 2023 2446 2083 liberae
2491 2022 2696 2104 paullo
2728 2030 2870 2083 ante

634 2116 907 2174 amissam
954 2134 1339 2195 recuperasse
1383 2114 1844 2194 libertatemque
1888 2133 2081 2193 usque
2125 2110 2204 2171 ad
2250 2112 2417 2192 Sept.
2469 2114 2676 2174 Severi
2719 2122 2870 2173 ‘tem‘

630 2223 779 2284 pora
825 2224 1096 2264 servasse
1114 2200 1184 2285 ²).
1277 2204 1390 2264 Ille
1447 2206 1605 2264 enim
1659 2205 1983 2283 imperator
2036 2211 2280 2283 propter
2331 2203 2627 2262 auxilium
2672 2202 2867 2279 Nigro

630 2293 820 2354 latum
851 2295 1175 2374 Byzantios
1206 2292 1530 2354 Perinthiis
1569 2295 1635 2352 in
1666 2292 2099 2353 servitudinem
2129 2290 2315 2369 dedit,
2364 2312 2525 2352 anno
2556 2292 2683 2352 fere
2719 2292 2864 2353 196.

630 2384 981 2444 Interventu
1044 2382 1261 2443 deinde
1323 2382 1670 2445 caracallae
1731 2382 1989 2443 Severus
2050 2383 2357 2461 Byzantiis
2425 2391 2666 2442 vetusta
2734 2382 2867 2440 iura

628 2473 890 2533 restituit
966 2469 1118 2557 (Vit.
1156 2472 1358 2534 Carac.
1413 2471 1473 2553 1)
1543 2473 1876 2553 urbemque
1944 2471 2146 2532 multis
2216 2467 2500 2532 aedificiis
2571 2490 2864 2532 exornare

637 2563 860 2642 coepit,
910 2583 1068 2643 quae
1116 2573 1325 2642 postea
1371 2562 1681 2625 Caracalla
1729 2562 1984 2622 confecit
2000 2557 2069 2641 ³).
2165 2562 2367 2638 Quare
2423 2571 2484 2622 et
2539 2581 2869 2639 cognomen

638 2653 969 2712 Antoninia
1014 2652 1158 2712 urbs
1219 2653 1334 2713 sibi
1381 2651 1636 2714 adscivit
1652 2648 1736 2737 4),
1795 2650 1858 2710 id
1915 2650 2078 2732 quod
2131 2650 2289 2711 ludis
2336 2652 2868 2730 ΑΝΤῼΝΕΙΝΙᾼ

632 2746 1021 2803 ΣΕΒΑΣΤΑ
1079 2743 1143 2801 in
1209 2744 1465 2802 nummis
1523 2743 1733 2804 Severi
1794 2751 1853 2802 et
1918 2740 2265 2802 Caracallae
2327 2743 2666 2801 memoratis
2728 2760 2866 2799 con·

631 2831 900 2892 firmatur
916 2828 943 2866 ⁶
974 2875 987 2891 .

806 2830 1161 3000 Byzgntium
1218 2942 1338 2981 non
1392 2941 1630 3003 semper
1682 2922 2028 3002 provinciae
2072 2919 2371 2981 Thraciae
2422 2920 2610 2980 fuisse
2661 2929 2864 2979 notum

634 3018 736 3071 est.
829 3010 1088 3071 Liberae
1139 3011 1512 3092 reipublicae
1564 3009 1937 3091 temporibus
1989 3009 2228 3071 videtur
2270 3009 2383 3071 sub
2431 3029 2575 3069 cura
2620 3028 2863 3089 procon-

633 3099 778 3159 sulis
823 3120 988 3177 prov.
1034 3079 1420 3162 Macedoniae
1463 3100 1648 3162 fuisse
1662 3097 1735 3185 ⁶).
1829 3103 2007 3161 Anno
2056 3102 2137 3161 53
2185 3121 2243 3181 p.
2282 3099 2418 3160 Chr.
2466 3099 2784 3179 Byzantini
2829 3117 2867 3157 a

816 3310 857 3381 1)
906 3309 1132 3380 Semper
1181 3310 1471 3367 dolendum
1519 3311 1652 3380 erit,
1699 3317 1814 3367 tam
1860 3310 2034 3366 multa
2078 3310 2398 3381 apographa
2436 3314 2496 3367 et
2540 3307 2866 3364 documenta

634 3380 706 3436 ad
740 3396 832 3437 res
868 3382 1128 3447 Byzantii
1166 3381 1447 3451 totiusque
1472 3382 1743 3438 Thraciae
1781 3383 2092 3452 spectantia
2128 3382 2379 3439 incendio
2417 3381 2649 3452 periisse
2674 3378 2863 3436 biblio-

627 3453 828 3509 thecae
862 3451 1170 3519 Ἑλληνικοῦ
1209 3452 1388 3506 Φιλολ.
1430 3452 1702 3522 Συλλόγου
1741 3453 2219 3524 Constantinopoli
2256 3471 2305 3509 a.
2346 3454 2500 3510 1870.

811 3523 834 3556 ⁹
890 3524 1143 3595 Exiguae
1181 3525 1326 3581 enim
1362 3525 1492 3581 fidei
1527 3525 1752 3582 videtur
1787 3541 1912 3582 esse
1945 3526 2043 3581 ille
2067 3527 2316 3581 Suetonii
2339 3525 2496 3582 locus
2518 3527 2770 3598 (Vespas.
2791 3523 2863 3595 8),

626 3595 722 3652 ubi
758 3596 825 3652 de
863 3596 1153 3665 Byzantiis
1190 3614 1224 3652 a
1263 3597 1603 3666 Vespasiano
1643 3597 1903 3652 libertate
1943 3597 2195 3667 spoliatis
2239 3597 2463 3668 legitur.

808 3667 853 3736 ⁸)
892 3668 1089 3724 Zosim.
1128 3670 1278 3738 2,30;
1317 3668 1597 3725 cedrenus
1634 3685 1686 3738 p.
1727 3670 1859 3740 2523
1898 3669 2093 3751 Suidas
2132 3685 2175 3726 s.
2213 3685 2266 3750 v.
2303 3671 2552 3742 Σεβῆρος.

808 3737 853 3811 ⁴)
892 3739 1039 3796 FHG
1086 3746 1138 3806 4,
1184 3756 1239 3809 p.
1281 3742 1411 3810 1533
1459 3740 1715 3797 Eustath.
1765 3741 1834 3795 ad
1884 3740 2042 3796 Dion.
2089 3742 2223 3810 8033
2280 3741 2517 3797 Codinus
2557 3758 2617 3812 p.
2659 3741 2723 3796 17
2774 3738 2861 3811 (ed

506 3846 510 3850 -
627 3810 887 3882 Bekker).

810 3881 854 3952 ε5)
892 3881 976 3936 Cf.
1013 3882 1225 3939 Eckhel
1275 3885 1324 3950 2,
1361 3901 1413 3953 p.
1452 3885 1538 3941 32.
1615 3882 1769 3951 Quae
1808 3884 1990 3940 omnia
2038 3885 2142 3940 huc
2186 3884 2469 3952 revocavi,
2521 3885 2650 3953 quia
2695 3897 2860 3952 saepe

633 3971 667 4009 a
703 3970 794 4010 vv.
831 3952 921 4010 dd.
958 3954 1242 4010 restitutio
1286 3954 1491 4010 iurium
1539 3956 1718 4012 aetati
1755 3956 2074 4012 Caracallae
2119 3956 2251 4026 imp.
2287 3957 2568 4025 tribuitur,
2613 3955 2671 4011 id
2718 3954 2861 4023 quod

631 4025 882 4081 omnibus
929 4026 1265 4082 testimoniis
1310 4027 1606 4083 refutatur.
1681 4028 1870 4096 Neque
1918 4028 2018 4084 sub
2064 4028 2267 4085 Severo
2316 4035 2377 4085 et
2425 4027 2526 4084 sub
2574 4026 2861 4083 Caracalla

626 4101 844 4153 tantum
898 4113 1204 4168 cognomen
1247 4098 1549 4155 Antoninia
1594 4104 1874 4156 retentum
1922 4105 2025 4167 est,
2076 4099 2173 4156 sed
2221 4099 2391 4156 etiam
2440 4099 2541 4155 sub
2579 4097 2859 4155 Antonino

625 4167 952 4295 {lzffialliallm
999 4174 1065 4223 ut
1109 4185 1210 4240 par
1259 4175 1397 4240 erat,
1447 4171 1624 4227 eidem
1669 4172 1787 4226 ludi
1822 4173 1877 4226 in
1915 4172 2149 4227 nummis
2190 4177 2698 4228 commemorantur.
2774 4168 2856 4225 Of.

676 4257 705 4295 c
784 4257 813 4295 e
839 4282 852 4297 .
913 4280 927 4294 .
967 4257 1013 4295 c.

806 4311 850 4383 ⁶)
890 4310 1001 4368 Cic.
1040 4312 1097 4367 in
1144 4311 1258 4368 Pis.
1307 4314 1392 4382 35,
1430 4314 1524 4384 863
1575 4314 1643 4369 de
1691 4331 1844 4385 prov.
1886 4331 2033 4372 cons.
2071 4318 2122 4385 4,
2160 4319 2210 4372 6.
2285 4315 2444 4382 Quod
2489 4315 2856 4371 Mommsenus

626 4380 801 4454 (Rom.
842 4382 1036 4440 Gesch.
1076 4386 1127 4451 ὅ,
1164 4400 1216 4453 p.
1257 4386 1361 4441 280
1397 4386 1521 4441 adn.
1562 4387 1620 4457 2)
1662 4402 1887 4457 prorsus
1923 4394 2114 4459 negat,
2162 4395 2392 4458 propter
2427 4386 2581 4444 urbis
2628 4386 2857 4443 liberam

628 4454 1015 4514 condicionem.
1075 4456 1157 4513 At
1190 4472 1323 4514 vero
1362 4458 1579 4514 omnino
1618 4473 1726 4515 non
1763 4459 2035 4531 intelligo,
2075 4460 2169 4529 qui
2204 4460 2451 4531 potnerit
2486 4459 2618 4516 Piso
2642 4460 2856 4529 Byzan-
