3200 5217
1176 570 1619 638 -6'7-

280 752 722 836 Suspicandum
767 756 956 835 igitur
1001 764 1117 836 est,
1174 756 1414 816 saeculo
1457 756 1508 815 Ι.
1557 775 1609 815 a.
1658 755 1822 828 chr„
1879 752 2261 836 Apolloniam
2306 753 2391 814 ita
2436 747 2523 814 di-

275 846 512 926 lapsam
567 863 696 906 esse
750 856 820 905 ut
873 843 951 905 de
994 845 1313 925 Pentapoli
1367 843 1710 924 decederet,
1768 853 1894 905 tum
1948 864 2091 906 vero
2136 844 2414 906 Callatim
2458 846 2524 903 in

280 936 484 996 locmn
515 935 676 995 illius
706 943 1010 1015 receptam
1041 954 1188 999 esse.
1237 933 1495 995 Videtur
1524 936 1680 994 enim
1715 934 2053 1015 Apollonia,
2086 954 2124 993 a
2154 936 2235 997 M.
2269 934 2523 994 Lucullo

280 1045 437 1086 anno
473 1026 556 1085 '22
591 1045 646 1085 a.
681 1023 816 1086 Chr.
853 1033 1221 1105 expugnata,
1272 1025 1542 1103 graviter
1571 1024 1785 1085 affecta
1815 1043 1963 1100 esse,
2012 1026 2099 1083 ita
2128 1031 2197 1083 ut.
2228 1021 2525 1096 ἔκπτωσις

276 1116 405 1175 eius
456 1123 956 1175 commemoretur
971 1113 1038 1195 ¹).

463 1203 887 1265 Mesembriam
917 1222 1062 1264 vero
1096 1204 1366 1284 quintam
1398 1203 1584 1263 fuisse
1610 1203 2011 1283 Pentapoleos
2042 1203 2255 1262 urbem
2278 1221 2521 1262 necesse

280 1303 392 1373 est,
441 1314 568 1354 non
614 1294 803 1356 solum
835 1302 1081 1374 propter
1110 1293 1260 1353 illud
1295 1292 1458 1354 haud
1489 1291 1893 1372 spernendum
1926 1293 2330 1352 testimonium
2361 1292 2522 1351 tituli

280 1384 364 1445 ibi
408 1385 652 1465 reperti,
700 1382 805 1444 sed
851 1383 1034 1444 etiam
1066 1383 1210 1464 quia
1243 1381 1604 1443 Mesembria
1633 1382 1819 1443 multo
1852 1383 2155 1462 antiquior
2186 1382 2523 1461 clariorque

280 1475 488 1533 civitas
547 1474 735 1534 fuisse
796 1472 1033 1534 videtur
1083 1493 1262 1554 quam
1309 1472 1757 1553 Dionysopolis3
1823 1491 1981 1552 quae
2027 1473 2193 1552 prius
2249 1474 2530 1550 Κρουνοί
2625 1544 2633 1551 α

281 1559 440 1623 dicta
499 1563 613 1624 sub
668 1565 875 1644 primis
931 1561 1392 1645 imperatoribus
1437 1564 1679 1623 nomine
1727 1559 1823 1623 dei
1870 1562 2177 1642 appellata
2222 1571 2343 1635 est,
2402 1562 2523 1644 pri-

279 1673 562 1733 mumque
618 1662 815 1714 aetate
863 1653 1302 1714 Antoninorum
1348 1652 1781 1733 rempublicam
1828 1671 2048 1729 graeco
2091 1669 2257 1710 more
2312 1653 2524 1711 consti-

280 1752 468 1803 tutam
530 1743 780 1804 exhibet
841 1740 1044 1826 (ΑΕΗ
1112 1745 1220 1819 10,
1284 1765 1342 1824 p.
1418 1744 1540 1804 184
1607 1751 1666 1802 et
1731 1740 1905 1823 185).
2014 1739 2272 1801 Videtur
2338 1742 2524 1818 igitur

283 1832 704 1913 Dionysopolis
750 1834 908 1894 circa
950 1835 1188 1893 initium
1236 1832 1474 1893 demum
1521 1851 1676 1892 saec.
1726 1831 1789 1891 II
1833 1830 2183 1904 invaluisse,
2230 1828 2392 1890 unde
2438 1831 2524 1889 in·

282 1922 577 2000 telligitnr
624 1942 732 1984 cur
776 1925 840 1982 in
870 1922 1235 2003 Hexapolim
1280 1931 1525 2004 recepta
1569 1923 1665 1995 sit,
1713 1921 1777 1979 in
1816 1920 2192 2000 Pentapolim
2230 1938 2374 1979 vero
2404 1940 2523 1979 non

280 2012 442 2073 item.

460 2100 559 2161 Ad
588 2100 954 2182 Hexapolim
1001 2101 1143 2162 inde
1186 2110 1581 2182 transeamus,
1633 2117 1814 2181 quam
1853 2098 1965 2159 sub
1995 2099 2177 2159 finem
2207 2097 2432 2159 saeculi
2461 2097 2525 2156 Π

281 2211 338 2271 p.
387 2190 526 2253 Chr.
577 2199 769 2251 ortam
815 2211 946 2252 esse
991 2192 1314 2253 verisimile
1360 2201 1464 2254 est.

466 2281 818 2341 Mommseni
889 2280 1131 2361 quidem
1199 2280 1272 2342 de
1332 2280 1765 2361 Marcianopoli
1821 2280 2189 2350 coniectura,
2262 2296 2367 2336 cur
2421 2275 2524 2336 ad-

278 2371 437 2429 mitti
481 2390 604 2430 non
650 2389 825 2451 posse
870 2369 1164 2452 videatur,
1213 2372 1481 2431 breviter
1524 2389 1850 2451 exponam:

457 2461 507 2523 I.
601 2460 867 2520 Primum
933 2462 1089 2520 enim
1151 2460 1329 2539 illud,
1393 2462 1455 2521 in
1516 2461 1772 2521 nummis
1828 2456 2292 2537 Marcianopolis
2349 2457 2524 2534 signa

278 2551 584 2610 societatis
651 2552 1023 2610 monetariae
1092 2570 1235 2611 orae
1301 2550 1478 2611 Ponti
1547 2550 1771 2610 Euxini
1835 2548 2114 2606 imveniri
2137 2543 2220 2628 ²),
2296 2544 2522 2606 nullius

278 2648 371 2698 est
416 2637 725 2715 ponderis,
791 2658 923 2699 cum
985 2638 1196 2700 eadem
1252 2641 1428 2719 signa
1473 2642 1654 2700 etiam
1714 2639 1778 2699 in
1822 2638 2080 2697 nummis
2142 2645 2264 2696 tam
2309 2634 2524 2696 Olbiae

279 2739 338 2789 et
407 2729 608 2808 Tyrae
678 2730 987 2789 civitatum
1058 2730 1390 2790 Sarmatiae
1408 2775 1422 2804 ,
1495 2750 1678 2810 quam
1747 2728 2104 2807 Apolloniae
2172 2735 2232 2785 et
2300 2726 2523 2804 Bizyae

279 2818 581 2878 Thraciae
643 2818 943 2896 legantur.
1037 2819 1361 2879 Praeterea
1421 2820 1471 2879 si
1531 2821 1668 2899 quis
1728 2825 1992 2900 opponat
2037 2815 2523 2895 Marcianopolim

279 2907 799 2981 mediterraneam,
862 2908 1129 2989 reliquas
1174 2929 1318 2968 vero
1380 2908 1559 2968 urbes
1623 2908 1788 2967 illius
1847 2907 2148 2966 societatis
2194 2905 2522 2964 maritimas

278 2998 487 3069 fuisse,
545 2996 875 3079 respondeo
907 2999 1152 3077 Bizyam
1201 2991 1445 3078 quoque
1478 2999 1543 3057 in
1572 2995 2022 3057 mediterraneis
2065 2994 2415 3072 reg-ionibus
2463 3001 2524 3053 et

282 3086 526 3166 quidem
571 3087 815 3169 propius
861 3087 1148 3148 Perintho
1213 3097 1321 3147 aut
1364 3088 1657 3166 Byzantio
1719 3086 1973 3146 iacuisse
2036 3104 2216 3164 quam
2270 3079 2522 3143 urbibus

280 3177 582 3237 societatis
623 3178 1005 3241 monetariae.
1087 3176 1338 3237 Accedit
1383 3175 1547 3256 quod
1593 3178 1771 3255 signa
1814 3175 1922 3234 illa
1966 3175 2030 3233 in
2076 3175 2333 3233 nummis
2364 3173 2521 3232 Mar·

278 3265 609 3348 cianopolis
635 3266 747 3327 sub
774 3267 976 3345 legato
1000 3268 1265 3327 Moesiae
1286 3267 1589 3327 Inferioris
1613 3266 1826 3325 Flavio
1851 3264 2113 3345 Ulpiano
2140 3262 2517 3346 (209-211

277 3376 341 3434 p.
375 3355 540 3433 Chr.)
571 3352 942 3437 incipiuntss),
991 3367 1174 3416 antea
1202 3367 1422 3430 tamen,
1472 3357 1676 3438 primis
1707 3355 1917 3415 Severi
1958 3353 2130 3412 annis
2162 3360 2232 3411 ut
2260 3350 2520 3426 videtur,

278 3445 591 3526 Nicopolis
650 3445 726 3505 ad
782 3447 1000 3507 Istrum
1049 3467 1212 3529 prov.
1274 3446 1538 3506 Moesiae
1585 3445 1861 3507 Inferiori
1922 3441 2128 3502 addita
2175 3449 2265 3502 est
2313 3439 2523 3525 (supra

277 3555 333 3616 p.
367 3531 505 3617 37),
537 3545 606 3595 ut
634 3537 758 3595 iam
788 3556 915 3596 non
947 3556 1056 3597 sex
1088 3534 1194 3596 sed
1218 3542 1448 3620 septem
1476 3544 1752 3596 monetas
1780 3534 1888 3593 illa
1918 3533 2224 3614 provincia
2252 3531 2519 3592 haberet.

277 3625 495 3705 Itaque
555 3624 812 3685 concidit
873 3624 1024 3685 illud
1084 3627 1436 3686 Mommseni
1496 3631 1917 3704 argumentum
1979 3624 2041 3681 in
2101 3641 2348 3680 numero
2411 3643 2524 3688 sex

277 3715 556 3794 positum.

459 3805 541 3867 ΙΙ.
591 3805 837 3865 Minime
896 3803 1136 3864 videtur
1183 3805 1312 3865 fieri
1374 3823 1567 3884 posse,
1631 3811 1701 3861 ut
1759 3801 1904 3861 urbs
1963 3820 2123 3860 nova
2178 3820 2214 3859 a
2258 3800 2520 3859 Traiano

279 3892 524 3954 condita
570 3913 648 3954 ex
695 3894 803 3954 tali
849 3892 1090 3955 foedere
1151 3915 1319 3954 sacro
1368 3893 1645 3974 (fortasse
1699 3892 1877 3951 etiam
1922 3899 2296 3951 mercaturae
2341 3908 2521 3947 causa

278 3979 462 4066 inito)
529 3985 833 4044 civitatem
900 4005 1178 4064 graecam
1243 3984 1718 4064 antiquissimam
1789 3981 2097 4058 depulerit,
2167 3979 2273 4039 ubi
2342 3979 2521 4038 etiam

465 4177 508 4247 ¹)
544 4175 776 4246 Eutrop.
814 4179 867 4240 6,
910 4177 1007 4233 10:
1068 4175 1332 4231 Lucullus
1370 4173 1714 4244 Apolloniam
1753 4172 1973 4228 evertit.
2049 4169 2133 4227 Cf.
2172 4170 2351 4227 Strab.
2391 4173 2520 4239 3193

276 4246 420 4301 Plin.
461 4249 546 4314 34,
585 4248 671 4303 39.
746 4247 904 4302 ΔΕΜ
946 4248 1065 4316 10,⁸
1106 4291 1118 4304 .
1148 4248 1276 4303 163:
1324 4249 1564 4306 „Krioac
1610 4244 1710 4311 τὴν
1746 4241 1906 4296 πόλιν
1942 4242 2080 4310 μετὰ
2117 4241 2219 4309 τὴν
2256 4242 2520 4293 ἔκπτωσιν

277 4322 366 4369 καὶ
417 4319 753 4444 ἐπέσςευάσας
790 4338 856 4369 το
905 4324 1065 4392 τρίπυ
1102 4340 1167 4371 ov
1205 4324 1293 4370 καὶ
1330 4320 1432 4385 τήν
1481 4318 1683 4389 βάριν“
1734 4321 1838 4372 etc.
1923 4314 2005 4370 Cf.
2044 4315 2290 4370 Dumont
2325 4331 2376 4383 p.
2414 4316 2519 4369 459

275 4407 324 4445 Β.
368 4391 498 4528 lll³⁸)
537 4434 805 4546 damner,
844 4461 1002 4546 Num.
1042 4428 1238 4519 Chron.
1280 4463 1435 4518 1876.
1474 4477 1563 4530 pp.
1604 4461 1905 4515 307-314,

460 4534 502 4604 ⁸)
540 4533 693 4602 Proh,
731 4534 954 4591 Inedita
988 4551 1039 4604 p.
1079 4538 1164 4591 41.
