3200 5217
1490 539 1931 600 -26-

777 717 1010 780 Deinde
1057 739 1215 782 anno
1265 720 1391 782 202
1439 720 1581 802 imp.
1630 720 1701 781 L.
1749 720 2037 801 Septimio
2084 720 2307 782 Severo
2355 731 2417 783 et
2463 723 2540 787 M.
2590 722 2834 785 Aurelio

598 810 902 870 Antonino
941 828 1060 872 cos.
1113 808 1431 870 deductum
1477 820 1567 871 est
1611 808 1908 889 ἐνπόριον
1954 813 2163 888 Πίζος.
2220 811 2348 872 Sub
2393 812 2603 875 eodem
2647 814 2834 894 impe·

593 909 792 960 ratore
832 899 1138 980 Nicopolis
1186 898 1262 959 ad
1307 900 1529 961 Istrum
1594 902 1941 982 provinciae
1985 902 2250 962 Moesiae
2295 902 2570 963 Inferiori
2630 902 2835 963 addita

595 999 703 1062 est,
751 990 1108 1069 Byzantium
1140 1009 1193 1055 a.
1231 991 1354 1051 197
1402 991 1465 1050 in
1511 999 1865 1068 potestatem
1895 991 2337 1052 Perinthiorum
2383 992 2688 1053 redactum
2719 1003 2831 1068 est,

595 1081 699 1160 qui
745 1078 952 1144 eodem
997 1087 1262 1160 tempore
1307 1081 1487 1141 etiam
1533 1081 1816 1141 honorem
1862 1087 2237 1149 neocoratus
2284 1084 2444 1142 nacti
2487 1077 2645 1144 sunt.

770 1168 1051 1249 Philippo
1110 1167 1370 1249 denique
1433 1172 1798 1251 imperatore
1851 1171 2319 1251 Philippopolis,
2384 1192 2542 1252 quae
2603 1171 2742 1233 inde
2795 1193 2834 1232 a

594 1257 758 1339 Sept.
795 1258 1015 1319 Severo
1063 1256 1451 1337 μητρόπολις
1494 1261 1709 1337 fuerat,
1752 1261 2036 1328 coloniae
2074 1260 2431 1339 dignitatem
2468 1260 2691 1343 adepta
2728 1272 2831 1323 est.

770 1347 936 1409 Inter
965 1348 1228 1408 colonias
1261 1349 1575 1423 Thraciae,
1626 1370 1777 1429 quas
1807 1349 2255 1430 Marquardtius
2288 1360 2615 1423 enumerat,
2665 1354 2832 1412 reici·

595 1436 751 1497 enda
781 1447 871 1498 est
901 1440 994 1504 col
1025 1435 1237 1518 (onia)
1268 1438 1564 1509 Aulaeon
1606 1439 1885 1520 TeichOS,
1922 1459 2104 1520 quam
2135 1441 2459 1501 Henzenus
2491 1442 2553 1501 in
2585 1440 2825 1521 diplom.

593 1527 713 1587 XV
764 1525 845 1611 (a.
897 1528 1007 1608 86)
1061 1547 1209 1587 voce
1258 1525 1564 1596 Οοῐοῖειὶο,
1614 1526 1865 1588 indicari
1912 1531 2247 1610 suspicatus
2294 1541 2385 1591 est
2400 1527 2475 1612 1).
2568 1530 2725 1591 Nam
2769 1531 2832 1590 in

595 1618 805 1677 ceteris
836 1627 1253 1678 veteranorum
1285 1619 1636 1697 privilegiis,
1685 1620 2038 1698 praesertim
2068 1620 2329 1680 melioris
2362 1622 2594 1699 aetatis,
2642 1621 2833 1680 rarius

593 1706 816 1785 legitur
872 1707 1017 1767 urbs
1035 1702 1084 1788 2)
1101 1752 1114 1779 ,
1170 1706 1333 1766 unde
1387 1718 1712 1768 veteranus
1760 1717 1924 1769 ortus
1969 1710 2071 1783 sit,
2122 1708 2227 1770 sed
2273 1710 2629 1791 plerumque
2677 1731 2826 1787 gens

594 1792 934 1878 occurrit3).
1028 1796 1243 1877 Neque
1299 1807 1498 1858 autem
1553 1799 1617 1858 in
1671 1798 1918 1878 reliquis
1975 1798 2168 1858 titulis
2223 1800 2555 1872 Thracum,
2618 1802 2722 1879 qui
2767 1802 2829 1860 in

595 1885 838 1946 coloniis
891 1887 1174 1947 Romanis
1228 1888 1353 1946 nati
1409 1895 1576 1962 sunt,
1635 1907 1922 1968 umquam
1977 1892 2369 1969 praeponitur
2424 1909 2546 1949 vox
2601 1889 2832 1950 colonia

590 1976 882 2035 mentioni
930 1974 1140 2036 domus
1158 1971 1228 2052 ⁸).

773 2063 949 2141 Quod
995 2064 1354 2125 vocabulum
1388 2064 1681 2135 Cololetic
1726 2067 1974 2128 dubium
2012 2088 2135 2127 non
2164 2077 2272 2147 est,
2322 2069 2470 2149 quin
2509 2068 2831 2146 legendum

592 2156 672 2218 sit
688 2151 1098 2223 Coelaleticus
1123 2154 1624 2238 (Κοιλαλητικός)
1641 2153 1716 2239 4),
1742 2156 1805 2216 id
1831 2155 1992 2237 quod
2016 2158 2197 2218 etiam
2220 2157 2497 2217 Homolle
2516 2154 2826 2241 (Dumont,

594 2264 649 2318 p.
699 2245 852 2322 480)
899 2247 1235 2326 suspicatus
1282 2255 1388 2307 est.
1459 2246 1679 2326 Itaque
1725 2247 1902 2307 lectio
1934 2246 2166 2315 Seuthe
2208 2247 2527 2315 sllraibithi
2570 2249 2620 2333 f.
2659 2245 2828 2313 Colo·

596 2334 773 2401 letico
820 2354 1061 2414 prorsus
1107 2334 1358 2396 eandem
1390 2336 1577 2396 habet
1605 2338 1914 2409 rationem,
1964 2357 2144 2417 quam
2173 2338 2414 2411 Bessus,
2462 2337 2827 2412 Pannonius,

596 2423 931 2503 Helvetius,
980 2424 1198 2485 Trevir
1242 2433 1355 2485 etc.
1404 2426 1468 2484 in
1516 2427 1729 2486 ceteris
1776 2426 2130 2504 privilegiis.

770 2514 1094 2574 Praeterea
1130 2516 1179 2573 si
1211 2512 1701 2594 consideraveris,
1751 2514 1951 2574 vicum
1980 2515 2259 2576 Aulaeon
2295 2515 2553 2577 Teichos
2599 2524 2829 2577 tantum

595 2602 674 2662 ab
718 2603 974 2663 Arriano
1030 2599 1193 2686 (Per.
1243 2624 1303 2684 p.
1341 2608 1448 2680 34)
1496 2612 1557 2664 et
1599 2606 1918 2683 Anonymo
1966 2602 2128 2687 (Per.
2177 2625 2237 2685 p.
2287 2602 2397 2689 14)
2443 2607 2738 2667 nominari
2755 2602 2825 2683 ⁶),

594 2690 770 2751 facile
800 2692 1106 2771 intelliges
1137 2691 1198 2751 id
1232 2692 1391 2773 quod
1417 2694 1741 2756 Henzenus
1775 2695 2029 2755 coniecit
2058 2695 2298 2755 minime
2329 2695 2644 2776 probabile
2676 2716 2825 2756 esse.

771 2779 1028 2862 Singula
1074 2780 1298 2864 oppida
1344 2782 1638 2844 Thraciae
1683 2784 1834 2845 haec
1878 2794 2049 2845 suntz

1671 2965 1743 3025 A.

771 3069 943 3147 Quae
991 3078 1130 3130 ante
1176 3071 1548 3151 provinciam
1595 3074 1976 3133 constitutam
2021 3081 2449 3154 memorantur,
2498 3072 2640 3134 inde
2684 3092 2828 3132 vero

593 3180 714 3220 non
760 3169 1079 3221 occurrunt
1121 3161 1222 3221 vel
1267 3162 1516 3241 periisse
1562 3160 1882 3222 traduntur
1897 3159 1982 3244 6)τ’

772 3353 818 3421 ¹)
861 3351 943 3407 Of.
981 3352 1325 3437 Kubitschek
1361 3370 1413 3423 p.
1442 3356 1547 3408 239
1583 3354 1788 3412 adnot·
1825 3353 2014 3409 Etiam
2051 3352 2248 3409 Carolo
2287 3354 2521 3410 Mullero
2560 3354 2651 3426 (ad
2684 3353 2824 3410 Ptol.
2898 3417 2903 3421 ,

590 3425 712 3492 3,ss
749 3424 1882 3565 127)‘iffi-3tffigpaffitcofseffiggugbmulam
1930 3497 2155 3568 „Descn
2209 3502 2267 3553 et
2313 3497 2708 3569 recogn(itum)
2760 3513 2828 3553 ex

590 3565 781 3620 tabula
818 3568 1024 3623 aenea“
1065 3582 1096 3623 e
1127 3584 1170 3622 c.
1212 3570 1564 3625 antecedunt.

773 3637 814 3708 ³)
853 3639 971 3692 CIL
1018 3572 1249 3708 6,tll77;
1313 3640 1559 3709 GIRhen.
1610 3642 1741 3712 3983
1803 3640 1940 3710 Eph.
1991 3640 2092 3710 Ep.
2140 3641 2384 3724 4,89⁴1=12²
2438 3643 2530 3707 17;
2587 3640 2829 3695 Dumont

591 3718 644 3777 p.
681 3709 803 3775 479,
841 3711 962 3765 480.
1039 3709 1228 3778 Neque
1278 3710 1449 3767 etiam
1498 3712 1554 3767 in
1605 3711 1934 3783 privilegiis,
1983 3711 2092 3767 uisi
2140 3712 2316 3767 solum
2364 3727 2421 3767 ln
2459 3711 2565 3768 LIt
2614 3710 2827 3767 colonia

594 3778 844 3835 Maluese
892 3797 970 3836 ex
1005 3781 1198 3866 Dacia.
1271 3781 1551 3851 Nusquam
1601 3789 1790 3840 tamen
1836 3783 1941 3840 tali
1988 3784 2305 3853 compendio
2344 3782 2622 3851 scribitur,
2671 3788 2737 3838 ut
2770 3782 2827 3838 in

591 3850 1699 4009 0οιοξΕὲἐὲοέοῗέἒρἓὲἓέἕῃὲἓὸηηε
1746 3943 1781 3982 a
1827 3942 1962 3983 voce
2009 3927 2268 3984 Coeletae
2308 3926 2400 3999 (cf.
2439 3942 2608 4011 supra
2642 3943 2695 4010 p.
2737 3927 2827 3994 19)

591 3995 802 4050 factum
829 4002 932 4062 est,
959 3996 1332 4065 duplicatione
1360 3996 1607 4065 syllabae
1633 3998 1894 4066 alterius;
1922 3999 2013 4053 cui
2038 3998 2372 4054 simillimam
2398 3998 2827 4068 duphcatlonem

581 4065 898 4122 invenimus
934 4066 991 4121 in
1029 4084 1162 4123 voce
1206 4068 1573 4125 Thrac-iacias
1655 4068 1793 4125 Bull.
1831 4069 1960 4125 dell’
1999 4071 2132 4125 Inst.
2174 4072 2328 4136 1873,
2366 4087 2418 4139 p.
2462 4072 2579 4125 111.

772 4138 814 4208 ⁵)
852 4137 985 4193 Tab.
1024 4140 1190 4194 Pent:
1237 4139 1431 4196 Thera.
1468 4141 1724 4198 Ravenn:
1769 4141 1818 4194 Τ
1812 4140 1976 4195 heros
2013 4141 2253 4198 chorion.
2321 4142 2461 4197 Num
2501 4141 2645 4210 quod
2683 4140 2827 4210 apud

593 4208 971 4265 Ptolemaeum
1016 4210 1298 4294 invenitur
1341 4213 1677 4295 Izepqwnubv
1723 4229 1756 4267 a
1804 4213 1995 4284 Θηρῶν
2041 4226 2211 4279 τεῖχος
2260 4219 2576 4282 corruptum
2624 4213 2716 4280 sit,
2764 4218 2829 4266 ut

593 4280 650 4435 f).
692 4280 1413 4422 MQJGRJggwgtlgphpaffl-xffi
1449 4283 1701 4423 &liggghe
1749 4355 2168 4426 lexicographos
2219 4357 2266 4411 si
2323 4372 2462 4424 quae
2514 4359 2826 4422 occurrunt,

593 4422 719 4479 lude
767 4422 1132 4494 colligendum
1179 4442 1287 4480 non
1335 4433 1439 4492 est,
1488 4442 1557 4482 ea
1604 4427 1676 4482 ad
1722 4434 1965 4484 aetatem
2001 4427 2373 4483 Romanorum
2407 4427 2608 4483 referri
2644 4442 2821 4496 posse.

597 4493 675 4549 Ac
709 4510 779 4551 ne
818 4510 884 4552 ea
921 4495 1156 4566 quidem,
1206 4514 1344 4566 quae
1382 4497 1596 4555 Plinius
1636 4506 2040 4569 commemorat,
2085 4498 2236 4556 illius
2273 4499 2449 4556 fuisse
2486 4498 2827 4569 temporibus
