<?xml version="1.0" encoding="UTF-8"?>
<!DOCTYPE html PUBLIC "-//W3C//DTD XHTML 1.0 Transitional//EN"
    "http://www.w3.org/TR/xhtml1/DTD/xhtml1-transitional.dtd">
<html xmlns="http://www.w3.org/1999/xhtml" xml:lang="en" lang="en">
 <head>
  <title>
</title>
<meta http-equiv="Content-Type" content="text/html;charset=utf-8" />
  <meta name='ocr-system' content='tesseract 3.04.00' />
  <meta name='ocr-capabilities' content='ocr_page ocr_carea ocr_par ocr_line ocrx_word'/>
</head>
<body>
  <div class='ocr_page' id='page_1' title='image "./dethraciaprovin00kalogoog_0066.png"; bbox 0 0 3200 5217; ppageno 0'>
   <div class='ocr_carea' id='block_1_1' title="bbox 1481 532 1928 591">
    <p class='ocr_par' dir='ltr' id='par_1_1' title="bbox 1481 532 1928 591">
     <span class='ocr_line' id='line_1_1' title="bbox 1481 532 1928 591; baseline 0 -16"><span class='ocrx_word' id='word_1_1' title='bbox 1481 532 1928 591; x_wconf 76' lang='lat'>-60-</span> 
     </span>
    </p>
   </div>
   <div class='ocr_carea' id='block_1_2' title="bbox 582 699 2839 3752">
    <p class='ocr_par' dir='ltr' id='par_1_2' title="bbox 582 699 2831 1148">
     <span class='ocr_line' id='line_1_2' title="bbox 582 699 2827 791; baseline 0.001 -23"><span class='ocrx_word' id='word_1_2' title='bbox 582 707 756 769; x_wconf 87' lang='lat' dir='ltr'><strong>cilius</strong></span> <span class='ocrx_word' id='word_1_3' title='bbox 826 719 934 771; x_wconf 86' lang='lat' dir='ltr'><strong>est.</strong></span> <span class='ocrx_word' id='word_1_4' title='bbox 1051 710 1126 770; x_wconf 89' lang='lat' dir='ltr'><strong>In</strong></span> <span class='ocrx_word' id='word_1_5' title='bbox 1194 717 1452 788; x_wconf 89' lang='lat' dir='ltr'><strong>utroque</strong></span> <span class='ocrx_word' id='word_1_6' title='bbox 1530 708 1691 768; x_wconf 90' lang='lat' dir='ltr'><strong>enim</strong></span> <span class='ocrx_word' id='word_1_7' title='bbox 1760 707 1934 769; x_wconf 86' lang='lat' dir='ltr'><strong>titulo</strong></span> <span class='ocrx_word' id='word_1_8' title='bbox 2004 708 2369 776; x_wconf 73' lang='lat' dir='ltr'><strong>consularis</strong></span> <span class='ocrx_word' id='word_1_9' title='bbox 2437 699 2827 791; x_wconf 82' lang='grc' dir='ltr'><strong><em>(ὑπατεύων)</em></strong></span> 
     </span>
     <span class='ocr_line' id='line_1_3' title="bbox 586 796 2829 880; baseline 0.001 -23"><span class='ocrx_word' id='word_1_10' title='bbox 586 796 822 878; x_wconf 88' lang='lat' dir='ltr'><strong>dicitur,</strong></span> <span class='ocrx_word' id='word_1_11' title='bbox 873 818 1239 880; x_wconf 86' lang='lat' dir='ltr'><strong>quamquam</strong></span> <span class='ocrx_word' id='word_1_12' title='bbox 1271 817 1349 859; x_wconf 86' lang='lat' dir='ltr'><strong>ex</strong></span> <span class='ocrx_word' id='word_1_13' title='bbox 1381 797 1658 860; x_wconf 90' lang='lat' dir='ltr'><strong>omnibus</strong></span> <span class='ocrx_word' id='word_1_14' title='bbox 1703 798 1954 878; x_wconf 89' lang='lat' dir='ltr'><strong>reliquis</strong></span> <span class='ocrx_word' id='word_1_15' title='bbox 2000 796 2236 858; x_wconf 88' lang='lat' dir='ltr'><strong>indiciis</strong></span> <span class='ocrx_word' id='word_1_16' title='bbox 2282 806 2516 859; x_wconf 89' lang='lat' dir='ltr'><strong>constat</strong></span> <span class='ocrx_word' id='word_1_17' title='bbox 2557 799 2829 879; x_wconf 90' lang='lat' dir='ltr'><strong>legatum</strong></span> 
     </span>
     <span class='ocr_line' id='line_1_4' title="bbox 590 886 2826 969; baseline 0 -22"><span class='ocrx_word' id='word_1_18' title='bbox 590 887 888 948; x_wconf 85' lang='lat' dir='ltr'><strong>Thraciae</strong></span> <span class='ocrx_word' id='word_1_19' title='bbox 923 896 1063 948; x_wconf 91' lang='lat' dir='ltr'><strong>aute</strong></span> <span class='ocrx_word' id='word_1_20' title='bbox 1095 889 1329 969; x_wconf 87' lang='lat' dir='ltr'><strong>imperii</strong></span> <span class='ocrx_word' id='word_1_21' title='bbox 1363 886 1734 968; x_wconf 83' lang='lat' dir='ltr'><strong>divisionem,</strong></span> <span class='ocrx_word' id='word_1_22' title='bbox 1786 907 1944 969; x_wconf 86' lang='lat' dir='ltr'><strong>quae</strong></span> <span class='ocrx_word' id='word_1_23' title='bbox 1975 887 2340 949; x_wconf 78' lang='lat' dir='ltr'><strong>Diocletiani</strong></span> <span class='ocrx_word' id='word_1_24' title='bbox 2370 889 2559 967; x_wconf 83' lang='lat' dir='ltr'><strong>vulgo</strong></span> <span class='ocrx_word' id='word_1_25' title='bbox 2591 887 2826 968; x_wconf 89' lang='lat' dir='ltr'><strong>dicitur,</strong></span> 
     </span>
     <span class='ocr_line' id='line_1_5' title="bbox 589 976 2831 1062; baseline 0.002 -25"><span class='ocrx_word' id='word_1_26' title='bbox 589 997 917 1058; x_wconf 80' lang='lat' dir='ltr'><strong>numquam</strong></span> <span class='ocrx_word' id='word_1_27' title='bbox 965 977 1336 1039; x_wconf 73' lang='lat' dir='ltr'><strong>consularem</strong></span> <span class='ocrx_word' id='word_1_28' title='bbox 1382 976 1489 1039; x_wconf 88' lang='lat' dir='ltr'><strong>sed</strong></span> <span class='ocrx_word' id='word_1_29' title='bbox 1529 978 1929 1062; x_wconf 73' lang='lat' dir='ltr'><strong>praetorium</strong></span> <span class='ocrx_word' id='word_1_30' title='bbox 1958 978 2161 1039; x_wconf 76' lang='lat' dir='ltr'><strong>fuisse.</strong></span> <span class='ocrx_word' id='word_1_31' title='bbox 2239 977 2441 1053; x_wconf 80' lang='lat' dir='ltr'><strong>Quare</strong></span> <span class='ocrx_word' id='word_1_32' title='bbox 2472 978 2831 1041; x_wconf 82' lang='lat' dir='ltr'><strong>Dumontius</strong></span> 
     </span>
     <span class='ocr_line' id='line_1_6' title="bbox 589 1066 2671 1148; baseline 0.002 -22"><span class='ocrx_word' id='word_1_33' title='bbox 589 1067 879 1128; x_wconf 85' lang='lat' dir='ltr'><strong>Iuvenem</strong></span> <span class='ocrx_word' id='word_1_34' title='bbox 925 1076 1191 1128; x_wconf 90' lang='lat' dir='ltr'><strong>nostrum</strong></span> <span class='ocrx_word' id='word_1_35' title='bbox 1238 1068 1423 1128; x_wconf 84' lang='lat' dir='ltr'><strong>aetati</strong></span> <span class='ocrx_word' id='word_1_36' title='bbox 1470 1068 1711 1128; x_wconf 88' lang='lat' dir='ltr'><strong>omnino</strong></span> <span class='ocrx_word' id='word_1_37' title='bbox 1758 1076 1894 1148; x_wconf 89' lang='lat' dir='ltr'><strong>post</strong></span> <span class='ocrx_word' id='word_1_38' title='bbox 1939 1066 2397 1129; x_wconf 86' lang='lat' dir='ltr'><strong>Constantinum</strong></span> <span class='ocrx_word' id='word_1_39' title='bbox 2441 1068 2671 1131; x_wconf 82' lang='lat' dir='ltr'><strong>tribuit.</strong></span> 
     </span>
    </p>

    <p class='ocr_par' dir='ltr' id='par_1_3' title="bbox 583 1155 2834 1868">
     <span class='ocr_line' id='line_1_7' title="bbox 760 1155 2831 1237; baseline 0 -20"><span class='ocrx_word' id='word_1_40' title='bbox 760 1155 873 1217; x_wconf 93' lang='lat' dir='ltr'><strong>Cui</strong></span> <span class='ocrx_word' id='word_1_41' title='bbox 929 1165 1132 1218; x_wconf 89' lang='lat' dir='ltr'><strong>tamen</strong></span> <span class='ocrx_word' id='word_1_42' title='bbox 1190 1156 1388 1218; x_wconf 85' lang='lat' dir='ltr'><strong>obstat</strong></span> <span class='ocrx_word' id='word_1_43' title='bbox 1432 1158 1721 1237; x_wconf 77' lang='lat' dir='ltr'><strong>imprimis</strong></span> <span class='ocrx_word' id='word_1_44' title='bbox 1776 1157 1988 1219; x_wconf 87' lang='lat' dir='ltr'><strong>titulus</strong></span> <span class='ocrx_word' id='word_1_45' title='bbox 2049 1157 2154 1217; x_wconf 91' lang='lat' dir='ltr'><strong>ille</strong></span> <span class='ocrx_word' id='word_1_46' title='bbox 2216 1156 2397 1231; x_wconf 89' lang='lat' dir='ltr'><strong>alter,</strong></span> <span class='ocrx_word' id='word_1_47' title='bbox 2460 1159 2523 1219; x_wconf 84' lang='lat' dir='ltr'><strong>in</strong></span> <span class='ocrx_word' id='word_1_48' title='bbox 2582 1159 2831 1237; x_wconf 87' lang='lat' dir='ltr'><strong>regione</strong></span> 
     </span>
     <span class='ocr_line' id='line_1_8' title="bbox 583 1245 2832 1332; baseline 0.002 -27"><span class='ocrx_word' id='word_1_49' title='bbox 583 1245 896 1327; x_wconf 89' lang='lat' dir='ltr'><strong>Nicopolis</strong></span> <span class='ocrx_word' id='word_1_50' title='bbox 942 1245 1019 1307; x_wconf 95' lang='lat' dir='ltr'><strong>ad</strong></span> <span class='ocrx_word' id='word_1_51' title='bbox 1066 1249 1285 1309; x_wconf 87' lang='lat' dir='ltr'><strong>Istrum</strong></span> <span class='ocrx_word' id='word_1_52' title='bbox 1333 1259 1622 1332; x_wconf 89' lang='lat' dir='ltr'><strong>repertus.</strong></span> <span class='ocrx_word' id='word_1_53' title='bbox 1716 1246 1873 1307; x_wconf 86' lang='lat' dir='ltr'><strong>Nam</strong></span> <span class='ocrx_word' id='word_1_54' title='bbox 1930 1248 1981 1307; x_wconf 91' lang='lat' dir='ltr'><strong>si</strong></span> <span class='ocrx_word' id='word_1_55' title='bbox 2026 1248 2091 1307; x_wconf 92' lang='lat' dir='ltr'><strong>in</strong></span> <span class='ocrx_word' id='word_1_56' title='bbox 2146 1246 2349 1308; x_wconf 86' lang='lat' dir='ltr'><strong>verbis</strong></span> <span class='ocrx_word' id='word_1_57' title='bbox 2410 1247 2517 1325; x_wconf 81' lang='grc' dir='ltr'><strong>τῆς</strong></span> <span class='ocrx_word' id='word_1_58' title='bbox 2560 1252 2832 1329; x_wconf 76' lang='grc' dir='ltr'><strong><em>Θρᾳκῶν</em></strong></span> 
     </span>
     <span class='ocr_line' id='line_1_9' title="bbox 584 1334 2834 1418; baseline 0 -21"><span class='ocrx_word' id='word_1_59' title='bbox 584 1334 912 1415; x_wconf 80' lang='grc' dir='ltr'><strong><em>ἐπαρχείας</em></strong></span> <span class='ocrx_word' id='word_1_60' title='bbox 980 1335 1379 1415; x_wconf 89' lang='lat' dir='ltr'><strong>intelligenda</strong></span> <span class='ocrx_word' id='word_1_61' title='bbox 1439 1345 1528 1397; x_wconf 91' lang='lat' dir='ltr'><strong>est</strong></span> <span class='ocrx_word' id='word_1_62' title='bbox 1590 1336 1900 1417; x_wconf 85' lang='lat' dir='ltr'><strong>provincia</strong></span> <span class='ocrx_word' id='word_1_63' title='bbox 1954 1336 2234 1411; x_wconf 85' lang='lat' dir='ltr'><strong>Thracia,</strong></span> <span class='ocrx_word' id='word_1_64' title='bbox 2307 1356 2466 1418; x_wconf 90' lang='lat' dir='ltr'><strong>quae</strong></span> <span class='ocrx_word' id='word_1_65' title='bbox 2524 1337 2640 1399; x_wconf 82' lang='lat' dir='ltr'><strong>fuit</strong></span> <span class='ocrx_word' id='word_1_66' title='bbox 2692 1345 2834 1417; x_wconf 87' lang='lat' dir='ltr'><strong>post</strong></span> 
     </span>
     <span class='ocr_line' id='line_1_10' title="bbox 588 1425 2833 1508; baseline -0 -21"><span class='ocrx_word' id='word_1_67' title='bbox 588 1425 1042 1487; x_wconf 83' lang='lat' dir='ltr'><strong>Constantinum</strong></span> <span class='ocrx_word' id='word_1_68' title='bbox 1086 1428 1481 1508; x_wconf 90' lang='lat' dir='ltr'><strong>(quamquam</strong></span> <span class='ocrx_word' id='word_1_69' title='bbox 1528 1426 1920 1487; x_wconf 86' lang='lat' dir='ltr'><strong>vehementer</strong></span> <span class='ocrx_word' id='word_1_70' title='bbox 1965 1425 2176 1487; x_wconf 91' lang='lat' dir='ltr'><strong>dubito</strong></span> <span class='ocrx_word' id='word_1_71' title='bbox 2222 1446 2300 1485; x_wconf 90' lang='lat' dir='ltr'><strong>an</strong></span> <span class='ocrx_word' id='word_1_72' title='bbox 2348 1427 2435 1486; x_wconf 91' lang='lat' dir='ltr'><strong>ita</strong></span> <span class='ocrx_word' id='word_1_73' title='bbox 2480 1425 2833 1507; x_wconf 84' lang='lat' dir='ltr'><strong>simpliciter</strong></span> 
     </span>
     <span class='ocr_line' id='line_1_11' title="bbox 588 1514 2831 1598; baseline 0.001 -25"><span class='ocrx_word' id='word_1_74' title='bbox 588 1515 891 1595; x_wconf 85' lang='lat' dir='ltr'><strong>appellata</strong></span> <span class='ocrx_word' id='word_1_75' title='bbox 939 1516 1060 1595; x_wconf 88' lang='lat' dir='ltr'><strong>sit),</strong></span> <span class='ocrx_word' id='word_1_76' title='bbox 1130 1537 1250 1598; x_wconf 90' lang='lat' dir='ltr'><strong>quo</strong></span> <span class='ocrx_word' id='word_1_77' title='bbox 1297 1515 1472 1577; x_wconf 91' lang='lat' dir='ltr'><strong>modo</strong></span> <span class='ocrx_word' id='word_1_78' title='bbox 1518 1515 1983 1596; x_wconf 78' lang='lat' dir='ltr'><strong>explicabimus,</strong></span> <span class='ocrx_word' id='word_1_79' title='bbox 2048 1515 2209 1597; x_wconf 91' lang='lat' dir='ltr'><strong>quod</strong></span> <span class='ocrx_word' id='word_1_80' title='bbox 2270 1514 2430 1576; x_wconf 93' lang='lat' dir='ltr'><strong>idem</strong></span> <span class='ocrx_word' id='word_1_81' title='bbox 2485 1516 2723 1595; x_wconf 88' lang='lat' dir='ltr'><strong>legatus</strong></span> <span class='ocrx_word' id='word_1_82' title='bbox 2767 1517 2831 1576; x_wconf 88' lang='lat' dir='ltr'><strong>in</strong></span> 
     </span>
     <span class='ocr_line' id='line_1_12' title="bbox 591 1602 2833 1692; baseline 0.001 -28"><span class='ocrx_word' id='word_1_83' title='bbox 591 1605 901 1681; x_wconf 85' lang='lat' dir='ltr'><strong>provincia</strong></span> <span class='ocrx_word' id='word_1_84' title='bbox 947 1606 1177 1667; x_wconf 87' lang='lat' dir='ltr'><strong>Moesia</strong></span> <span class='ocrx_word' id='word_1_85' title='bbox 1224 1605 1513 1667; x_wconf 88' lang='lat' dir='ltr'><strong>Secunda·</strong></span> <span class='ocrx_word' id='word_1_86' title='bbox 1563 1607 1846 1680; x_wconf 85' lang='lat' dir='ltr'><strong>occurrit,</strong></span> <span class='ocrx_word' id='word_1_87' title='bbox 1913 1625 2071 1686; x_wconf 87' lang='lat' dir='ltr'><strong>quae</strong></span> <span class='ocrx_word' id='word_1_88' title='bbox 2113 1602 2417 1687; x_wconf 80' lang='grc' dir='ltr'><strong><em>ἡγεμόνα,</em></strong></span> <span class='ocrx_word' id='word_1_89' title='bbox 2469 1605 2833 1692; x_wconf 72' lang='lat' dir='ltr'><strong>praesidem</strong></span> 
     </span>
     <span class='ocr_line' id='line_1_13' title="bbox 588 1693 2830 1775; baseline 0 -22"><span class='ocrx_word' id='word_1_90' title='bbox 588 1694 851 1756; x_wconf 78' lang='lat' dir='ltr'><strong>habuit?</strong></span> <span class='ocrx_word' id='word_1_91' title='bbox 916 1693 1034 1773; x_wconf 83' lang='lat' dir='ltr'><strong>(Of.</strong></span> <span class='ocrx_word' id='word_1_92' title='bbox 1070 1695 1260 1758; x_wconf 86' lang='lat' dir='ltr'><strong>Notit.</strong></span> <span class='ocrx_word' id='word_1_93' title='bbox 1297 1694 1463 1775; x_wconf 89' lang='lat' dir='ltr'><strong>dign.</strong></span> <span class='ocrx_word' id='word_1_94' title='bbox 1498 1716 1582 1757; x_wconf 90' lang='lat' dir='ltr'><strong>or.</strong></span> <span class='ocrx_word' id='word_1_95' title='bbox 1625 1698 1681 1769; x_wconf 89' lang='lat'><strong>1,</strong></span> <span class='ocrx_word' id='word_1_96' title='bbox 1718 1697 1822 1771; x_wconf 82' lang='lat'><strong>22,</strong></span> <span class='ocrx_word' id='word_1_97' title='bbox 1858 1695 1927 1772; x_wconf 77' lang='lat' dir='ltr'><strong>E,</strong></span> <span class='ocrx_word' id='word_1_98' title='bbox 1963 1696 2002 1755; x_wconf 87' lang='grc'><strong>3</strong></span> <span class='ocrx_word' id='word_1_99' title='bbox 2051 1715 2186 1756; x_wconf 90' lang='lat' dir='ltr'><strong>cum</strong></span> <span class='ocrx_word' id='word_1_100' title='bbox 2232 1693 2434 1756; x_wconf 87' lang='lat' dir='ltr'><strong>adnot.</strong></span> <span class='ocrx_word' id='word_1_101' title='bbox 2466 1695 2830 1772; x_wconf 82' lang='lat' dir='ltr'><strong>Boeckingi3</strong></span> 
     </span>
     <span class='ocr_line' id='line_1_14' title="bbox 585 1783 1479 1868; baseline 0 -23"><span class='ocrx_word' id='word_1_102' title='bbox 585 1784 847 1846; x_wconf 88' lang='lat' dir='ltr'><strong>Hierocl.</strong></span> <span class='ocrx_word' id='word_1_103' title='bbox 901 1784 1156 1866; x_wconf 83' lang='lat' dir='ltr'><strong>Synecd.</strong></span> <span class='ocrx_word' id='word_1_104' title='bbox 1204 1807 1265 1866; x_wconf 88' lang='lat' dir='ltr'><strong>p.</strong></span> <span class='ocrx_word' id='word_1_105' title='bbox 1302 1783 1479 1868; x_wconf 86' lang='lat'><strong>636).</strong></span> 
     </span>
    </p>

    <p class='ocr_par' dir='ltr' id='par_1_4' title="bbox 586 1872 2839 3570">
     <span class='ocr_line' id='line_1_15' title="bbox 769 1872 2834 1956; baseline 0.001 -23"><span class='ocrx_word' id='word_1_106' title='bbox 769 1873 921 1934; x_wconf 89' lang='lat' dir='ltr'><strong>Mihi</strong></span> <span class='ocrx_word' id='word_1_107' title='bbox 982 1873 1225 1956; x_wconf 89' lang='lat' dir='ltr'><strong>quidem</strong></span> <span class='ocrx_word' id='word_1_108' title='bbox 1285 1874 1569 1936; x_wconf 86' lang='lat' dir='ltr'><strong>videntur</strong></span> <span class='ocrx_word' id='word_1_109' title='bbox 1629 1874 1735 1934; x_wconf 91' lang='lat' dir='ltr'><strong>illa</strong></span> <span class='ocrx_word' id='word_1_110' title='bbox 1788 1873 1978 1936; x_wconf 86' lang='lat' dir='ltr'><strong>verba</strong></span> <span class='ocrx_word' id='word_1_111' title='bbox 2039 1874 2148 1953; x_wconf 83' lang='grc' dir='ltr'><strong>τῆς</strong></span> <span class='ocrx_word' id='word_1_112' title='bbox 2191 1879 2462 1955; x_wconf 80' lang='grc' dir='ltr'><strong><em>Θρᾳκῶν</em></strong></span> <span class='ocrx_word' id='word_1_113' title='bbox 2506 1872 2834 1953; x_wconf 81' lang='grc' dir='ltr'><strong><em>ἐπαρχείας</em></strong></span> 
     </span>
     <span class='ocr_line' id='line_1_16' title="bbox 589 1962 2833 2045; baseline 0 -21"><span class='ocrx_word' id='word_1_114' title='bbox 589 1983 841 2044; x_wconf 87' lang='lat' dir='ltr'><strong>prorsus</strong></span> <span class='ocrx_word' id='word_1_115' title='bbox 889 1962 966 2022; x_wconf 90' lang='lat' dir='ltr'><strong>ad</strong></span> <span class='ocrx_word' id='word_1_116' title='bbox 1015 1966 1382 2041; x_wconf 85' lang='lat' dir='ltr'><strong>provinciam</strong></span> <span class='ocrx_word' id='word_1_117' title='bbox 1429 1964 1754 2025; x_wconf 85' lang='lat' dir='ltr'><strong>Thraciam</strong></span> <span class='ocrx_word' id='word_1_118' title='bbox 1801 1973 2092 2044; x_wconf 87' lang='lat' dir='ltr'><strong>spectare,</strong></span> <span class='ocrx_word' id='word_1_119' title='bbox 2142 1984 2300 2045; x_wconf 87' lang='lat' dir='ltr'><strong>quae</strong></span> <span class='ocrx_word' id='word_1_120' title='bbox 2343 1964 2460 2025; x_wconf 77' lang='lat' dir='ltr'><strong>fuit</strong></span> <span class='ocrx_word' id='word_1_121' title='bbox 2505 1974 2647 2025; x_wconf 90' lang='lat' dir='ltr'><strong>ante</strong></span> <span class='ocrx_word' id='word_1_122' title='bbox 2679 1964 2833 2026; x_wconf 91' lang='lat' dir='ltr'><strong>Con-</strong></span> 
     </span>
     <span class='ocr_line' id='line_1_17' title="bbox 588 2052 2835 2133; baseline 0 -20"><span class='ocrx_word' id='word_1_123' title='bbox 588 2054 917 2114; x_wconf 84' lang='lat' dir='ltr'><strong>stantinum</strong></span> <span class='ocrx_word' id='word_1_124' title='bbox 970 2054 1283 2133; x_wconf 90' lang='lat' dir='ltr'><strong>Magnum.</strong></span> <span class='ocrx_word' id='word_1_125' title='bbox 1390 2053 1644 2115; x_wconf 81' lang='lat' dir='ltr'><strong>Accedit</strong></span> <span class='ocrx_word' id='word_1_126' title='bbox 1700 2055 1856 2114; x_wconf 90' lang='lat' dir='ltr'><strong>enim</strong></span> <span class='ocrx_word' id='word_1_127' title='bbox 1922 2053 2173 2114; x_wconf 88' lang='lat' dir='ltr'><strong>alterum</strong></span> <span class='ocrx_word' id='word_1_128' title='bbox 2235 2052 2522 2115; x_wconf 89' lang='lat' dir='ltr'><strong>indicium</strong></span> <span class='ocrx_word' id='word_1_129' title='bbox 2536 2098 2550 2127; x_wconf 89' lang='lat'><strong>,</strong></span> <span class='ocrx_word' id='word_1_130' title='bbox 2613 2073 2835 2115; x_wconf 93' lang='lat' dir='ltr'><strong>nomen</strong></span> 
     </span>
     <span class='ocr_line' id='line_1_18' title="bbox 592 2141 2832 2225; baseline 0.001 -24"><span class='ocrx_word' id='word_1_131' title='bbox 592 2141 723 2203; x_wconf 89' lang='lat' dir='ltr'><strong>dico</strong></span> <span class='ocrx_word' id='word_1_132' title='bbox 786 2144 1159 2223; x_wconf 88' lang='lat' dir='ltr'><strong>imperatoris</strong></span> <span class='ocrx_word' id='word_1_133' title='bbox 1227 2145 1291 2204; x_wconf 90' lang='lat' dir='ltr'><strong>in</strong></span> <span class='ocrx_word' id='word_1_134' title='bbox 1351 2153 1610 2225; x_wconf 85' lang='lat' dir='ltr'><strong>utroque</strong></span> <span class='ocrx_word' id='word_1_135' title='bbox 1670 2143 1845 2204; x_wconf 85' lang='lat' dir='ltr'><strong>titulo</strong></span> <span class='ocrx_word' id='word_1_136' title='bbox 1908 2162 2166 2209; x_wconf 78' lang='lat' dir='ltr'><strong>erasum.</strong></span> <span class='ocrx_word' id='word_1_137' title='bbox 2274 2142 2432 2204; x_wconf 87' lang='lat' dir='ltr'><strong>Nam</strong></span> <span class='ocrx_word' id='word_1_138' title='bbox 2493 2152 2631 2224; x_wconf 85' lang='lat' dir='ltr'><strong>post</strong></span> <span class='ocrx_word' id='word_1_139' title='bbox 2691 2144 2832 2205; x_wconf 92' lang='lat' dir='ltr'><strong>Dio·</strong></span> 
     </span>
     <span class='ocr_line' id='line_1_19' title="bbox 591 2233 2834 2314; baseline 0.001 -23"><span class='ocrx_word' id='word_1_140' title='bbox 591 2233 916 2292; x_wconf 87' lang='lat' dir='ltr'><strong>cletianum</strong></span> <span class='ocrx_word' id='word_1_141' title='bbox 963 2253 1135 2294; x_wconf 90' lang='lat' dir='ltr'><strong>erasa</strong></span> <span class='ocrx_word' id='word_1_142' title='bbox 1179 2234 1410 2294; x_wconf 84' lang='lat' dir='ltr'><strong>suntin</strong></span> <span class='ocrx_word' id='word_1_143' title='bbox 1440 2234 1840 2294; x_wconf 78' lang='lat' dir='ltr'><strong>monumentis</strong></span> <span class='ocrx_word' id='word_1_144' title='bbox 1884 2235 2126 2294; x_wconf 91' lang='lat' dir='ltr'><strong>nomina</strong></span> <span class='ocrx_word' id='word_1_145' title='bbox 2173 2253 2375 2294; x_wconf 91' lang='lat' dir='ltr'><strong>eorum</strong></span> <span class='ocrx_word' id='word_1_146' title='bbox 2424 2242 2676 2308; x_wconf 87' lang='lat' dir='ltr'><strong>tantum,</strong></span> <span class='ocrx_word' id='word_1_147' title='bbox 2727 2233 2834 2314; x_wconf 94' lang='lat' dir='ltr'><strong>qui</strong></span> 
     </span>
     <span class='ocr_line' id='line_1_20' title="bbox 590 2321 2835 2404; baseline 0 -23"><span class='ocrx_word' id='word_1_148' title='bbox 590 2342 724 2382; x_wconf 92' lang='lat' dir='ltr'><strong>cum</strong></span> <span class='ocrx_word' id='word_1_149' title='bbox 773 2322 1165 2385; x_wconf 87' lang='lat' dir='ltr'><strong>Constantino</strong></span> <span class='ocrx_word' id='word_1_150' title='bbox 1211 2324 1436 2402; x_wconf 90' lang='lat' dir='ltr'><strong>Magno</strong></span> <span class='ocrx_word' id='word_1_151' title='bbox 1484 2321 1560 2383; x_wconf 93' lang='lat' dir='ltr'><strong>de</strong></span> <span class='ocrx_word' id='word_1_152' title='bbox 1606 2323 1855 2404; x_wconf 88' lang='lat' dir='ltr'><strong>imperio</strong></span> <span class='ocrx_word' id='word_1_153' title='bbox 1887 2323 2047 2384; x_wconf 88' lang='lat' dir='ltr'><strong>orbis</strong></span> <span class='ocrx_word' id='word_1_154' title='bbox 2079 2332 2372 2384; x_wconf 86' lang='lat' dir='ltr'><strong>terrarum</strong></span> <span class='ocrx_word' id='word_1_155' title='bbox 2403 2333 2835 2403; x_wconf 85' lang='lat' dir='ltr'><strong>pugnaverunt</strong></span> 
     </span>
     <span class='ocr_line' id='line_1_21' title="bbox 593 2408 2833 2496; baseline 0 -23"><span class='ocrx_word' id='word_1_156' title='bbox 593 2423 652 2473; x_wconf 85' lang='lat' dir='ltr'><strong>et</strong></span> <span class='ocrx_word' id='word_1_157' title='bbox 683 2421 998 2492; x_wconf 88' lang='lat' dir='ltr'><strong>praeterea</strong></span> <span class='ocrx_word' id='word_1_158' title='bbox 1046 2412 1421 2475; x_wconf 84' lang='lat' dir='ltr'><strong>Constantini</strong></span> <span class='ocrx_word' id='word_1_159' title='bbox 1451 2413 1533 2485; x_wconf 90' lang='lat' dir='ltr'><strong>H,</strong></span> <span class='ocrx_word' id='word_1_160' title='bbox 1583 2410 1944 2492; x_wconf 83' lang='lat' dir='ltr'><strong>Constantis,</strong></span> <span class='ocrx_word' id='word_1_161' title='bbox 1994 2414 2352 2491; x_wconf 87' lang='lat' dir='ltr'><strong>Magnentii‚</strong></span> <span class='ocrx_word' id='word_1_162' title='bbox 2399 2413 2649 2473; x_wconf 82' lang='lat' dir='ltr'><strong>Maximi</strong></span> <span class='ocrx_word' id='word_1_163' title='bbox 2679 2412 2744 2474; x_wconf 93' lang='lat'><strong>11</strong></span> <span class='ocrx_word' id='word_1_164' title='bbox 2760 2408 2833 2496; x_wconf 81' lang='grc'><strong>1).</strong></span> 
     </span>
     <span class='ocr_line' id='line_1_22' title="bbox 589 2501 2834 2583; baseline -0 -21"><span class='ocrx_word' id='word_1_165' title='bbox 589 2503 681 2562; x_wconf 89' lang='lat' dir='ltr'><strong>De</strong></span> <span class='ocrx_word' id='word_1_166' title='bbox 712 2502 1061 2581; x_wconf 82' lang='lat' dir='ltr'><strong>Magnentio</strong></span> <span class='ocrx_word' id='word_1_167' title='bbox 1110 2512 1217 2563; x_wconf 92' lang='lat' dir='ltr'><strong>aut</strong></span> <span class='ocrx_word' id='word_1_168' title='bbox 1247 2504 1509 2564; x_wconf 86' lang='lat' dir='ltr'><strong>Maximo</strong></span> <span class='ocrx_word' id='word_1_169' title='bbox 1556 2501 1655 2562; x_wconf 91' lang='lat' dir='ltr'><strong>hic</strong></span> <span class='ocrx_word' id='word_1_170' title='bbox 1698 2503 1952 2579; x_wconf 86' lang='lat' dir='ltr'><strong>cogitari</strong></span> <span class='ocrx_word' id='word_1_171' title='bbox 1984 2523 2102 2563; x_wconf 89' lang='lat' dir='ltr'><strong>non</strong></span> <span class='ocrx_word' id='word_1_172' title='bbox 2133 2512 2351 2583; x_wconf 86' lang='lat' dir='ltr'><strong>potest,</strong></span> <span class='ocrx_word' id='word_1_173' title='bbox 2402 2522 2538 2563; x_wconf 93' lang='lat' dir='ltr'><strong>cum</strong></span> <span class='ocrx_word' id='word_1_174' title='bbox 2566 2502 2834 2564; x_wconf 82' lang='lat' dir='ltr'><strong>Thracia</strong></span> 
     </span>
     <span class='ocr_line' id='line_1_23' title="bbox 596 2590 2834 2673; baseline 0 -23"><span class='ocrx_word' id='word_1_175' title='bbox 596 2610 927 2671; x_wconf 90' lang='lat' dir='ltr'><strong>numquam</strong></span> <span class='ocrx_word' id='word_1_176' title='bbox 974 2593 1037 2651; x_wconf 89' lang='lat' dir='ltr'><strong>in</strong></span> <span class='ocrx_word' id='word_1_177' title='bbox 1080 2612 1290 2653; x_wconf 82' lang='lat' dir='ltr'><strong>eorum</strong></span> <span class='ocrx_word' id='word_1_178' title='bbox 1337 2600 1636 2673; x_wconf 88' lang='lat' dir='ltr'><strong>potestate</strong></span> <span class='ocrx_word' id='word_1_179' title='bbox 1682 2592 1881 2654; x_wconf 79' lang='lat' dir='ltr'><strong>fuerit.</strong></span> <span class='ocrx_word' id='word_1_180' title='bbox 1976 2590 2422 2653; x_wconf 63' lang='lat' dir='ltr'><strong>Constantinus</strong></span> <span class='ocrx_word' id='word_1_181' title='bbox 2452 2594 2515 2653; x_wconf 90' lang='grc' dir='ltr'><strong>ΙΙ</strong></span> <span class='ocrx_word' id='word_1_182' title='bbox 2576 2602 2636 2652; x_wconf 91' lang='lat' dir='ltr'><strong>et</strong></span> <span class='ocrx_word' id='word_1_183' title='bbox 2682 2590 2834 2654; x_wconf 91' lang='lat' dir='ltr'><strong>Con·</strong></span> 
     </span>
     <span class='ocr_line' id='line_1_24' title="bbox 591 2680 2835 2763; baseline 0 -23"><span class='ocrx_word' id='word_1_184' title='bbox 591 2689 757 2741; x_wconf 88' lang='lat' dir='ltr'><strong>stans</strong></span> <span class='ocrx_word' id='word_1_185' title='bbox 781 2689 996 2741; x_wconf 86' lang='lat' dir='ltr'><strong>neuter</strong></span> <span class='ocrx_word' id='word_1_186' title='bbox 1018 2682 1180 2743; x_wconf 90' lang='lat' dir='ltr'><strong>solus</strong></span> <span class='ocrx_word' id='word_1_187' title='bbox 1203 2683 1540 2762; x_wconf 84' lang='lat' dir='ltr'><strong>imperavit,</strong></span> <span class='ocrx_word' id='word_1_188' title='bbox 1573 2689 1643 2742; x_wconf 89' lang='lat' dir='ltr'><strong>ut</strong></span> <span class='ocrx_word' id='word_1_189' title='bbox 1674 2687 1784 2760; x_wconf 82' lang='grc' dir='ltr'><strong>τῆς</strong></span> <span class='ocrx_word' id='word_1_190' title='bbox 1813 2681 2183 2760; x_wconf 81' lang='grc' dir='ltr'><strong><em>οἰκουμένης</em></strong></span> <span class='ocrx_word' id='word_1_191' title='bbox 2207 2680 2509 2760; x_wconf 76' lang='grc' dir='ltr'><strong><em>δεσπότης</em></strong></span> <span class='ocrx_word' id='word_1_192' title='bbox 2539 2681 2835 2763; x_wconf 90' lang='lat' dir='ltr'><strong>appellari</strong></span> 
     </span>
     <span class='ocr_line' id='line_1_25' title="bbox 586 2769 2836 2852; baseline 0.001 -22"><span class='ocrx_word' id='word_1_193' title='bbox 586 2779 804 2850; x_wconf 88' lang='lat' dir='ltr'><strong>posset.</strong></span> <span class='ocrx_word' id='word_1_194' title='bbox 885 2769 1105 2832; x_wconf 90' lang='lat' dir='ltr'><strong>Iisdem</strong></span> <span class='ocrx_word' id='word_1_195' title='bbox 1154 2771 1228 2832; x_wconf 91' lang='lat' dir='ltr'><strong>de</strong></span> <span class='ocrx_word' id='word_1_196' title='bbox 1275 2773 1472 2833; x_wconf 89' lang='lat' dir='ltr'><strong>causis</strong></span> <span class='ocrx_word' id='word_1_197' title='bbox 1510 2770 1937 2852; x_wconf 90' lang='lat' dir='ltr'><strong>praetereundi</strong></span> <span class='ocrx_word' id='word_1_198' title='bbox 1984 2780 2124 2833; x_wconf 81' lang='lat' dir='ltr'><strong>sunt</strong></span> <span class='ocrx_word' id='word_1_199' title='bbox 2155 2773 2336 2833; x_wconf 90' lang='lat' dir='ltr'><strong>etiam</strong></span> <span class='ocrx_word' id='word_1_200' title='bbox 2367 2772 2589 2852; x_wconf 87' lang='lat' dir='ltr'><strong>reliqui</strong></span> <span class='ocrx_word' id='word_1_201' title='bbox 2620 2772 2836 2833; x_wconf 84' lang='lat' dir='ltr'><strong>aetatis</strong></span> 
     </span>
     <span class='ocr_line' id='line_1_26' title="bbox 592 2859 2836 2942; baseline -0 -21"><span class='ocrx_word' id='word_1_202' title='bbox 592 2859 968 2922; x_wconf 87' lang='lat' dir='ltr'><strong>Constantini</strong></span> <span class='ocrx_word' id='word_1_203' title='bbox 1026 2861 1235 2941; x_wconf 84' lang='lat' dir='ltr'><strong>Magni</strong></span> <span class='ocrx_word' id='word_1_204' title='bbox 1249 2862 1320 2942; x_wconf 82' lang='grc'><strong>2).</strong></span> <span class='ocrx_word' id='word_1_205' title='bbox 1413 2863 1632 2941; x_wconf 88' lang='lat' dir='ltr'><strong>Itaque</strong></span> <span class='ocrx_word' id='word_1_206' title='bbox 1692 2862 2019 2941; x_wconf 87' lang='lat' dir='ltr'><strong>imperator</strong></span> <span class='ocrx_word' id='word_1_207' title='bbox 2082 2880 2260 2942; x_wconf 87' lang='lat' dir='ltr'><strong>quem</strong></span> <span class='ocrx_word' id='word_1_208' title='bbox 2322 2862 2667 2941; x_wconf 88' lang='lat' dir='ltr'><strong>quaerimus</strong></span> <span class='ocrx_word' id='word_1_209' title='bbox 2729 2869 2836 2921; x_wconf 88' lang='lat' dir='ltr'><strong>aut</strong></span> 
     </span>
     <span class='ocr_line' id='line_1_27' title="bbox 595 2949 2839 3031; baseline 0.001 -23"><span class='ocrx_word' id='word_1_210' title='bbox 595 2952 729 3030; x_wconf 90' lang='lat' dir='ltr'><strong>ipse</strong></span> <span class='ocrx_word' id='word_1_211' title='bbox 774 2949 1186 3012; x_wconf 88' lang='lat' dir='ltr'><strong>Diocletianus</strong></span> <span class='ocrx_word' id='word_1_212' title='bbox 1232 2959 1322 3012; x_wconf 91' lang='lat' dir='ltr'><strong>est</strong></span> <span class='ocrx_word' id='word_1_213' title='bbox 1368 2959 1475 3011; x_wconf 87' lang='lat' dir='ltr'><strong>aut</strong></span> <span class='ocrx_word' id='word_1_214' title='bbox 1520 2959 1663 3011; x_wconf 90' lang='lat' dir='ltr'><strong>ante</strong></span> <span class='ocrx_word' id='word_1_215' title='bbox 1711 2969 1848 3011; x_wconf 90' lang='lat' dir='ltr'><strong>eum</strong></span> <span class='ocrx_word' id='word_1_216' title='bbox 1893 2951 2075 3026; x_wconf 83' lang='lat' dir='ltr'><strong>vixit3</strong></span> <span class='ocrx_word' id='word_1_217' title='bbox 2124 2950 2239 3011; x_wconf 88' lang='lat' dir='ltr'><strong>sub</strong></span> <span class='ocrx_word' id='word_1_218' title='bbox 2284 2951 2415 3031; x_wconf 90' lang='lat' dir='ltr'><strong>ipso</strong></span> <span class='ocrx_word' id='word_1_219' title='bbox 2461 2958 2663 3011; x_wconf 88' lang='lat' dir='ltr'><strong>autem</strong></span> <span class='ocrx_word' id='word_1_220' title='bbox 2694 2951 2839 3011; x_wconf 92' lang='lat' dir='ltr'><strong>Dio-</strong></span> 
     </span>
     <span class='ocr_line' id='line_1_28' title="bbox 595 3036 2838 3123; baseline 0.001 -25"><span class='ocrx_word' id='word_1_221' title='bbox 595 3039 852 3100; x_wconf 89' lang='lat' dir='ltr'><strong>cletiano</strong></span> <span class='ocrx_word' id='word_1_222' title='bbox 921 3040 1184 3101; x_wconf 88' lang='lat' dir='ltr'><strong>Thracia</strong></span> <span class='ocrx_word' id='word_1_223' title='bbox 1251 3036 1525 3120; x_wconf 81' lang='grc' dir='ltr'><strong><em>ἡγεμόνα</em></strong></span> <span class='ocrx_word' id='word_1_224' title='bbox 1592 3040 1809 3100; x_wconf 87' lang='lat' dir='ltr'><strong>habuit</strong></span> <span class='ocrx_word' id='word_1_225' title='bbox 1879 3037 2045 3123; x_wconf 84' lang='lat' dir='ltr'><strong>(vide</strong></span> <span class='ocrx_word' id='word_1_226' title='bbox 2105 3040 2262 3099; x_wconf 83' lang='lat' dir='ltr'><strong>infra</strong></span> <span class='ocrx_word' id='word_1_227' title='bbox 2323 3061 2381 3102; x_wconf 90' lang='lat' dir='ltr'><strong>n.</strong></span> <span class='ocrx_word' id='word_1_228' title='bbox 2435 3040 2585 3119; x_wconf 87' lang='lat'><strong>46.).</strong></span> <span class='ocrx_word' id='word_1_229' title='bbox 2686 3038 2838 3100; x_wconf 83' lang='lat' dir='ltr'><strong>Cum</strong></span> 
     </span>
     <span class='ocr_line' id='line_1_29' title="bbox 594 3125 2836 3213; baseline 0.001 -25"><span class='ocrx_word' id='word_1_230' title='bbox 594 3127 860 3208; x_wconf 88' lang='lat' dir='ltr'><strong>denique</strong></span> <span class='ocrx_word' id='word_1_231' title='bbox 904 3129 1186 3211; x_wconf 91' lang='lat' dir='ltr'><strong>Philippo</strong></span> <span class='ocrx_word' id='word_1_232' title='bbox 1233 3131 1568 3211; x_wconf 88' lang='lat' dir='ltr'><strong>imperante</strong></span> <span class='ocrx_word' id='word_1_233' title='bbox 1613 3130 2050 3211; x_wconf 88' lang='lat' dir='ltr'><strong>Philippopolis</strong></span> <span class='ocrx_word' id='word_1_234' title='bbox 2095 3130 2348 3198; x_wconf 75' lang='lat' dir='ltr'><strong>colonia</strong></span> <span class='ocrx_word' id='word_1_235' title='bbox 2390 3130 2552 3190; x_wconf 84' lang='lat' dir='ltr'><strong>facta</strong></span> <span class='ocrx_word' id='word_1_236' title='bbox 2595 3131 2674 3190; x_wconf 79' lang='lat' dir='ltr'><strong>sit</strong></span> <span class='ocrx_word' id='word_1_237' title='bbox 2730 3125 2836 3213; x_wconf 86' lang='lat' dir='ltr'><strong>(cf.</strong></span> 
     </span>
     <span class='ocr_line' id='line_1_30' title="bbox 594 3216 2838 3302; baseline 0 -24"><span class='ocrx_word' id='word_1_238' title='bbox 594 3237 778 3298; x_wconf 86' lang='lat' dir='ltr'><strong>supra</strong></span> <span class='ocrx_word' id='word_1_239' title='bbox 822 3239 885 3298; x_wconf 90' lang='lat' dir='ltr'><strong>p.</strong></span> <span class='ocrx_word' id='word_1_240' title='bbox 940 3219 1070 3301; x_wconf 83' lang='lat'><strong>41),</strong></span> <span class='ocrx_word' id='word_1_241' title='bbox 1128 3221 1192 3280; x_wconf 91' lang='lat' dir='ltr'><strong>in</strong></span> <span class='ocrx_word' id='word_1_242' title='bbox 1249 3229 1452 3281; x_wconf 88' lang='lat' dir='ltr'><strong>nostro</strong></span> <span class='ocrx_word' id='word_1_243' title='bbox 1510 3239 1653 3280; x_wconf 86' lang='lat' dir='ltr'><strong>vero</strong></span> <span class='ocrx_word' id='word_1_244' title='bbox 1698 3220 1873 3279; x_wconf 92' lang='lat' dir='ltr'><strong>titulo</strong></span> <span class='ocrx_word' id='word_1_245' title='bbox 1920 3216 2303 3298; x_wconf 81' lang='grc' dir='ltr'><strong><em>μητρόπολις</em></strong></span> <span class='ocrx_word' id='word_1_246' title='bbox 2348 3218 2582 3280; x_wconf 84' lang='lat' dir='ltr'><strong>dicatur</strong></span> <span class='ocrx_word' id='word_1_247' title='bbox 2628 3216 2838 3302; x_wconf 88' lang='lat' dir='ltr'><strong>(quam</strong></span> 
     </span>
     <span class='ocr_line' id='line_1_31' title="bbox 597 3305 2839 3390; baseline 0.001 -24"><span class='ocrx_word' id='word_1_248' title='bbox 597 3306 953 3386; x_wconf 83' lang='lat' dir='ltr'><strong>dignitatem</strong></span> <span class='ocrx_word' id='word_1_249' title='bbox 1022 3307 1163 3369; x_wconf 88' lang='lat' dir='ltr'><strong>inde</strong></span> <span class='ocrx_word' id='word_1_250' title='bbox 1224 3329 1262 3368; x_wconf 90' lang='lat' dir='ltr'><strong>a</strong></span> <span class='ocrx_word' id='word_1_251' title='bbox 1329 3309 1492 3390; x_wconf 85' lang='lat' dir='ltr'><strong>Sept.</strong></span> <span class='ocrx_word' id='word_1_252' title='bbox 1540 3308 1766 3370; x_wconf 84' lang='lat' dir='ltr'><strong>Severo</strong></span> <span class='ocrx_word' id='word_1_253' title='bbox 1827 3308 2093 3388; x_wconf 88' lang='lat' dir='ltr'><strong>habuit),</strong></span> <span class='ocrx_word' id='word_1_254' title='bbox 2164 3309 2427 3371; x_wconf 85' lang='lat' dir='ltr'><strong>Juvenis</strong></span> <span class='ocrx_word' id='word_1_255' title='bbox 2497 3316 2702 3369; x_wconf 85' lang='lat' dir='ltr'><strong>noster</strong></span> <span class='ocrx_word' id='word_1_256' title='bbox 2761 3305 2839 3368; x_wconf 92' lang='lat' dir='ltr'><strong>ad</strong></span> 
     </span>
     <span class='ocr_line' id='line_1_32' title="bbox 594 3396 2837 3479; baseline 0 -23"><span class='ocrx_word' id='word_1_257' title='bbox 594 3405 849 3457; x_wconf 85' lang='lat' dir='ltr'><strong>aetatem</strong></span> <span class='ocrx_word' id='word_1_258' title='bbox 865 3442 879 3470; x_wconf 92' lang='lat'><strong>,</strong></span> <span class='ocrx_word' id='word_1_259' title='bbox 952 3418 1110 3479; x_wconf 89' lang='lat' dir='ltr'><strong>quae</strong></span> <span class='ocrx_word' id='word_1_260' title='bbox 1180 3407 1273 3460; x_wconf 85' lang='lat' dir='ltr'><strong>est</strong></span> <span class='ocrx_word' id='word_1_261' title='bbox 1345 3400 1502 3460; x_wconf 88' lang='lat' dir='ltr'><strong>inter</strong></span> <span class='ocrx_word' id='word_1_262' title='bbox 1568 3399 1735 3479; x_wconf 85' lang='lat' dir='ltr'><strong>Sept.</strong></span> <span class='ocrx_word' id='word_1_263' title='bbox 1794 3396 2084 3459; x_wconf 83' lang='lat' dir='ltr'><strong>Severum</strong></span> <span class='ocrx_word' id='word_1_264' title='bbox 2158 3408 2220 3459; x_wconf 88' lang='lat' dir='ltr'><strong>et</strong></span> <span class='ocrx_word' id='word_1_265' title='bbox 2285 3400 2431 3479; x_wconf 90' lang='lat' dir='ltr'><strong>imp.</strong></span> <span class='ocrx_word' id='word_1_266' title='bbox 2492 3397 2837 3479; x_wconf 90' lang='lat' dir='ltr'><strong>Philippum</strong></span> 
     </span>
     <span class='ocr_line' id='line_1_33' title="bbox 593 3484 1592 3570; baseline 0.004 -25"><span class='ocrx_word' id='word_1_267' title='bbox 593 3484 1025 3570; x_wconf 81' lang='lat'>(222—244),</span> <span class='ocrx_word' id='word_1_268' title='bbox 1074 3486 1434 3567; x_wconf 84' lang='lat' dir='ltr'><strong>relegandus</strong></span> <span class='ocrx_word' id='word_1_269' title='bbox 1481 3496 1592 3549; x_wconf 87' lang='lat' dir='ltr'><strong>est.</strong></span> 
     </span>
    </p>

    <p class='ocr_par' dir='ltr' id='par_1_5' title="bbox 592 3575 2838 3752">
     <span class='ocr_line' id='line_1_34' title="bbox 771 3575 2838 3659; baseline -0 -22"><span class='ocrx_word' id='word_1_270' title='bbox 771 3576 983 3637; x_wconf 85' lang='lat' dir='ltr'><strong>Restat</strong></span> <span class='ocrx_word' id='word_1_271' title='bbox 1028 3586 1228 3639; x_wconf 90' lang='lat' dir='ltr'><strong>tamen</strong></span> <span class='ocrx_word' id='word_1_272' title='bbox 1275 3586 1345 3638; x_wconf 91' lang='lat' dir='ltr'><strong>ut</strong></span> <span class='ocrx_word' id='word_1_273' title='bbox 1390 3578 1783 3659; x_wconf 86' lang='lat' dir='ltr'><strong>explicemus,</strong></span> <span class='ocrx_word' id='word_1_274' title='bbox 1833 3597 1951 3658; x_wconf 90' lang='lat' dir='ltr'><strong>quo</strong></span> <span class='ocrx_word' id='word_1_275' title='bbox 1984 3576 2158 3638; x_wconf 89' lang='lat' dir='ltr'><strong>modo</strong></span> <span class='ocrx_word' id='word_1_276' title='bbox 2190 3578 2412 3638; x_wconf 83' lang='lat' dir='ltr'><strong>factum</strong></span> <span class='ocrx_word' id='word_1_277' title='bbox 2445 3577 2550 3651; x_wconf 88' lang='lat' dir='ltr'><strong>sit,</strong></span> <span class='ocrx_word' id='word_1_278' title='bbox 2584 3587 2653 3637; x_wconf 88' lang='lat' dir='ltr'><strong>ut</strong></span> <span class='ocrx_word' id='word_1_279' title='bbox 2683 3575 2838 3637; x_wconf 91' lang='lat' dir='ltr'><strong>idem</strong></span> 
     </span>
     <span class='ocr_line' id='line_1_35' title="bbox 592 3663 2837 3752; baseline 0 -26"><span class='ocrx_word' id='word_1_280' title='bbox 592 3667 832 3744; x_wconf 89' lang='lat' dir='ltr'><strong>legatus</strong></span> <span class='ocrx_word' id='word_1_281' title='bbox 871 3675 933 3728; x_wconf 88' lang='lat' dir='ltr'><strong>et</strong></span> <span class='ocrx_word' id='word_1_282' title='bbox 963 3668 1025 3726; x_wconf 89' lang='lat' dir='ltr'><strong>in</strong></span> <span class='ocrx_word' id='word_1_283' title='bbox 1056 3668 1284 3729; x_wconf 86' lang='lat' dir='ltr'><strong>Moesia</strong></span> <span class='ocrx_word' id='word_1_284' title='bbox 1316 3668 1606 3728; x_wconf 83' lang='lat' dir='ltr'><strong>Inferiore</strong></span> <span class='ocrx_word' id='word_1_285' title='bbox 1640 3663 2027 3752; x_wconf 76' lang='lat' dir='ltr'><strong>(Nicopoli)⁸)</strong></span> <span class='ocrx_word' id='word_1_286' title='bbox 2063 3677 2125 3729; x_wconf 84' lang='lat' dir='ltr'><strong>et</strong></span> <span class='ocrx_word' id='word_1_287' title='bbox 2156 3667 2219 3728; x_wconf 90' lang='lat' dir='ltr'><strong>in</strong></span> <span class='ocrx_word' id='word_1_288' title='bbox 2248 3667 2513 3728; x_wconf 82' lang='lat' dir='ltr'><strong>Thracia</strong></span> <span class='ocrx_word' id='word_1_289' title='bbox 2546 3674 2837 3728; x_wconf 85' lang='lat' dir='ltr'><strong>occurrat.</strong></span> 
     </span>
    </p>
   </div>
   <div class='ocr_carea' id='block_1_3' title="bbox 597 3830 1021 3838">
    <p class='ocr_par' dir='ltr' id='par_1_6' title="bbox 597 3830 1021 3838">
     <span class='ocr_line' id='line_1_36' title="bbox 597 3830 1021 3838; baseline 0 1379"><span class='ocrx_word' id='word_1_290' title='bbox 597 3830 1021 3838; x_wconf 95' lang='lat' dir='ltr'><strong> </strong></span> 
     </span>
    </p>
   </div>
   <div class='ocr_carea' id='block_1_4' title="bbox 594 3913 2844 4547">
    <p class='ocr_par' dir='ltr' id='par_1_7' title="bbox 774 3914 795 3947">
     <span class='ocr_line' id='line_1_37' title="bbox 774 3914 795 3947; baseline 0 0"><span class='ocrx_word' id='word_1_291' title='bbox 774 3914 795 3947; x_wconf 84' lang='lat'>1</span> 
     </span>
    </p>

    <p class='ocr_par' dir='ltr' id='par_1_8' title="bbox 594 3913 2842 4197">
     <span class='ocr_line' id='line_1_38' title="bbox 776 3913 2832 4069; baseline 0 -30"><span class='ocrx_word' id='word_1_292' title='bbox 776 3916 821 4053; x_wconf 48' lang='grc' dir='ltr'><strong>’ζ</strong></span> <span class='ocrx_word' id='word_1_293' title='bbox 856 3913 1177 4041; x_wconf 53' lang='grc' dir='ltr'><strong>ἓξὲίεξξῖιῗε</strong></span> <span class='ocrx_word' id='word_1_294' title='bbox 1187 3916 1371 4042; x_wconf 53' lang='lat' dir='ltr'><strong>Pioffe</strong></span> <span class='ocrx_word' id='word_1_295' title='bbox 1383 3913 1666 4042; x_wconf 61' lang='lat' dir='ltr'><strong>¹²glilerius</strong></span> <span class='ocrx_word' id='word_1_296' title='bbox 1705 3984 1853 4056; x_wconf 84' lang='lat' dir='ltr'><strong>(vide</strong></span> <span class='ocrx_word' id='word_1_297' title='bbox 1890 3984 2027 4041; x_wconf 89' lang='lat' dir='ltr'><strong>Aur.</strong></span> <span class='ocrx_word' id='word_1_298' title='bbox 2069 3984 2278 4069; x_wconf 73' lang='lat' dir='ltr'><strong>Victor.</strong></span> <span class='ocrx_word' id='word_1_299' title='bbox 2319 3984 2387 4041; x_wconf 89' lang='lat' dir='ltr'><strong>de</strong></span> <span class='ocrx_word' id='word_1_300' title='bbox 2425 3983 2567 4068; x_wconf 76' lang='lat' dir='ltr'><strong>Caes</strong></span> <span class='ocrx_word' id='word_1_301' title='bbox 2612 4001 2668 4068; x_wconf 74' lang='lat' dir='ltr'><strong>p.</strong></span> <span class='ocrx_word' id='word_1_302' title='bbox 2706 3985 2832 4053; x_wconf 77' lang='lat'><strong>8483</strong></span> 
     </span>
     <span class='ocr_line' id='line_1_39' title="bbox 599 4056 2842 4130; baseline -0 -18"><span class='ocrx_word' id='word_1_303' title='bbox 599 4058 731 4115; x_wconf 84' lang='lat' dir='ltr'><strong>Exc.</strong></span> <span class='ocrx_word' id='word_1_304' title='bbox 771 4056 941 4113; x_wconf 82' lang='lat' dir='ltr'><strong>Vales</strong></span> <span class='ocrx_word' id='word_1_305' title='bbox 978 4058 1012 4112; x_wconf 81' lang='grc' dir='ltr'>ὅ</span> <span class='ocrx_word' id='word_1_306' title='bbox 1049 4062 1109 4113; x_wconf 90' lang='lat' dir='ltr'><strong>et</strong></span> <span class='ocrx_word' id='word_1_307' title='bbox 1149 4058 1215 4112; x_wconf 87' lang='grc'><strong>17</strong></span> <span class='ocrx_word' id='word_1_308' title='bbox 1229 4077 1244 4126; x_wconf 87' lang='lat'>;</span> <span class='ocrx_word' id='word_1_309' title='bbox 1281 4056 1429 4113; x_wconf 88' lang='lat' dir='ltr'><strong>FHG</strong></span> <span class='ocrx_word' id='word_1_310' title='bbox 1465 4061 1516 4125; x_wconf 81' lang='lat'><strong>4,</strong></span> <span class='ocrx_word' id='word_1_311' title='bbox 1554 4059 1638 4130; x_wconf 76' lang='lat'><strong>2);</strong></span> <span class='ocrx_word' id='word_1_312' title='bbox 1686 4057 1784 4113; x_wconf 86' lang='lat' dir='ltr'><strong>sed</strong></span> <span class='ocrx_word' id='word_1_313' title='bbox 1830 4072 1960 4113; x_wconf 89' lang='lat' dir='ltr'><strong>num</strong></span> <span class='ocrx_word' id='word_1_314' title='bbox 2005 4072 2203 4114; x_wconf 82' lang='lat' dir='ltr'><strong>revera</strong></span> <span class='ocrx_word' id='word_1_315' title='bbox 2239 4072 2296 4112; x_wconf 86' lang='grc' dir='ltr'><strong>ιιι</strong></span> <span class='ocrx_word' id='word_1_316' title='bbox 2333 4056 2572 4112; x_wconf 79' lang='lat' dir='ltr'><strong>Thracia</strong></span> <span class='ocrx_word' id='word_1_317' title='bbox 2607 4070 2842 4126; x_wconf 77' lang='lat' dir='ltr'><strong>impera-</strong></span> 
     </span>
     <span class='ocr_line' id='line_1_40' title="bbox 594 4128 1350 4197; baseline -0.001 -11"><span class='ocrx_word' id='word_1_318' title='bbox 594 4128 757 4197; x_wconf 83' lang='lat' dir='ltr'><strong>verit,</strong></span> <span class='ocrx_word' id='word_1_319' title='bbox 796 4128 933 4184; x_wconf 88' lang='lat' dir='ltr'><strong>mihi</strong></span> <span class='ocrx_word' id='word_1_320' title='bbox 969 4143 1075 4183; x_wconf 86' lang='lat' dir='ltr'><strong>non</strong></span> <span class='ocrx_word' id='word_1_321' title='bbox 1114 4135 1350 4185; x_wconf 86' lang='lat' dir='ltr'><strong>constat.</strong></span> 
     </span>
    </p>

    <p class='ocr_par' dir='ltr' id='par_1_9' title="bbox 597 4196 2844 4547">
     <span class='ocr_line' id='line_1_41' title="bbox 780 4196 2842 4269; baseline -0 -15"><span class='ocrx_word' id='word_1_322' title='bbox 780 4200 828 4267; x_wconf 81' lang='lat'><strong>⁸)</strong></span> <span class='ocrx_word' id='word_1_323' title='bbox 866 4199 1171 4269; x_wconf 80' lang='lat' dir='ltr'><strong>Nicopolim</strong></span> <span class='ocrx_word' id='word_1_324' title='bbox 1209 4200 1455 4257; x_wconf 83' lang='lat' dir='ltr'><strong>Moesiae</strong></span> <span class='ocrx_word' id='word_1_325' title='bbox 1493 4199 1746 4256; x_wconf 85' lang='lat' dir='ltr'><strong>inferiori</strong></span> <span class='ocrx_word' id='word_1_326' title='bbox 1785 4198 2034 4256; x_wconf 86' lang='lat' dir='ltr'><strong>additam</strong></span> <span class='ocrx_word' id='word_1_327' title='bbox 2073 4214 2197 4256; x_wconf 87' lang='lat' dir='ltr'><strong>esse</strong></span> <span class='ocrx_word' id='word_1_328' title='bbox 2233 4197 2427 4268; x_wconf 86' lang='lat' dir='ltr'><strong>primis</strong></span> <span class='ocrx_word' id='word_1_329' title='bbox 2464 4198 2614 4267; x_wconf 80' lang='lat' dir='ltr'><strong>Sept.</strong></span> <span class='ocrx_word' id='word_1_330' title='bbox 2653 4196 2842 4255; x_wconf 81' lang='lat' dir='ltr'><strong>Severi</strong></span> 
     </span>
     <span class='ocr_line' id='line_1_42' title="bbox 597 4268 2843 4342; baseline -0.001 -14"><span class='ocrx_word' id='word_1_331' title='bbox 597 4271 757 4328; x_wconf 87' lang='lat' dir='ltr'><strong>annis</strong></span> <span class='ocrx_word' id='word_1_332' title='bbox 821 4286 989 4342; x_wconf 83' lang='lat' dir='ltr'><strong>supra</strong></span> <span class='ocrx_word' id='word_1_333' title='bbox 1043 4288 1096 4341; x_wconf 86' lang='lat' dir='ltr'><strong>p.</strong></span> <span class='ocrx_word' id='word_1_334' title='bbox 1157 4274 1225 4326; x_wconf 84' lang='lat'><strong>37</strong></span> <span class='ocrx_word' id='word_1_335' title='bbox 1284 4271 1539 4329; x_wconf 82' lang='lat' dir='ltr'><strong>vidimus.</strong></span> <span class='ocrx_word' id='word_1_336' title='bbox 1635 4270 1983 4342; x_wconf 82' lang='lat' dir='ltr'><strong>Dignitatem</strong></span> <span class='ocrx_word' id='word_1_337' title='bbox 2040 4285 2171 4327; x_wconf 82' lang='lat' dir='ltr'><strong>sane</strong></span> <span class='ocrx_word' id='word_1_338' title='bbox 2228 4268 2607 4341; x_wconf 78' lang='grc' dir='ltr'><strong><em>μητροπόλεως</em></strong></span> <span class='ocrx_word' id='word_1_339' title='bbox 2653 4274 2843 4340; x_wconf 82' lang='lat' dir='ltr'><strong>potest</strong></span> 
     </span>
     <span class='ocr_line' id='line_1_43' title="bbox 597 4340 2844 4414; baseline -0.002 -14"><span class='ocrx_word' id='word_1_340' title='bbox 597 4343 785 4414; x_wconf 81' lang='lat' dir='ltr'><strong>paullo</strong></span> <span class='ocrx_word' id='word_1_341' title='bbox 824 4348 958 4400; x_wconf 84' lang='lat' dir='ltr'><strong>ante</strong></span> <span class='ocrx_word' id='word_1_342' title='bbox 994 4342 1199 4412; x_wconf 83' lang='lat' dir='ltr'><strong>adepta</strong></span> <span class='ocrx_word' id='word_1_343' title='bbox 1235 4358 1383 4413; x_wconf 85' lang='lat' dir='ltr'><strong>esse3</strong></span> <span class='ocrx_word' id='word_1_344' title='bbox 1433 4342 1517 4399; x_wconf 85' lang='lat' dir='ltr'><strong>ita</strong></span> <span class='ocrx_word' id='word_1_345' title='bbox 1565 4347 1631 4399; x_wconf 85' lang='lat' dir='ltr'><strong>nt</strong></span> <span class='ocrx_word' id='word_1_346' title='bbox 1666 4343 1822 4399; x_wconf 87' lang='lat' dir='ltr'><strong>tituli</strong></span> <span class='ocrx_word' id='word_1_347' title='bbox 1857 4341 1943 4398; x_wconf 87' lang='lat' dir='ltr'><strong>illi</strong></span> <span class='ocrx_word' id='word_1_348' title='bbox 1978 4342 2079 4398; x_wconf 81' lang='lat' dir='ltr'><strong>suh</strong></span> <span class='ocrx_word' id='word_1_349' title='bbox 2118 4340 2412 4397; x_wconf 84' lang='lat' dir='ltr'><strong>Commodo</strong></span> <span class='ocrx_word' id='word_1_350' title='bbox 2448 4341 2619 4412; x_wconf 83' lang='lat' dir='ltr'><strong>positi</strong></span> <span class='ocrx_word' id='word_1_351' title='bbox 2655 4344 2844 4398; x_wconf 85' lang='lat' dir='ltr'><strong>essent</strong></span> 
     </span>
     <span class='ocr_line' id='line_1_44' title="bbox 597 4412 2843 4546; baseline -0 -77"><span class='ocrx_word' id='word_1_352' title='bbox 597 4415 789 4546; x_wconf 52' lang='lat' dir='ltr'><strong>{cuius</strong></span> <span class='ocrx_word' id='word_1_353' title='bbox 823 4414 996 4502; x_wconf 73' lang='lat' dir='ltr'><strong>solius</strong></span> <span class='ocrx_word' id='word_1_354' title='bbox 1033 4419 1165 4470; x_wconf 84' lang='lat' dir='ltr'><strong>ante</strong></span> <span class='ocrx_word' id='word_1_355' title='bbox 1201 4415 1461 4471; x_wconf 84' lang='lat' dir='ltr'><strong>Severum</strong></span> <span class='ocrx_word' id='word_1_356' title='bbox 1497 4430 1696 4472; x_wconf 85' lang='lat' dir='ltr'><strong>nomen</strong></span> <span class='ocrx_word' id='word_1_357' title='bbox 1732 4429 1951 4472; x_wconf 79' lang='lat' dir='ltr'><strong>erasum</strong></span> <span class='ocrx_word' id='word_1_358' title='bbox 1976 4414 2102 4484; x_wconf 86' lang='lat' dir='ltr'><strong>est),</strong></span> <span class='ocrx_word' id='word_1_359' title='bbox 2138 4412 2250 4469; x_wconf 86' lang='lat' dir='ltr'><strong>nisi</strong></span> <span class='ocrx_word' id='word_1_360' title='bbox 2275 4413 2527 4471; x_wconf 82' lang='lat' dir='ltr'><strong>obstaret</strong></span> <span class='ocrx_word' id='word_1_361' title='bbox 2547 4412 2690 4471; x_wconf 82' lang='lat' dir='ltr'><strong>illud</strong></span> <span class='ocrx_word' id='word_1_362' title='bbox 2723 4427 2843 4471; x_wconf 78' lang='lat' dir='ltr'><strong>ver·</strong></span> 
     </span>
     <span class='ocr_line' id='line_1_45' title="bbox 634 4503 1143 4547; baseline -0.004 -7"><span class='ocrx_word' id='word_1_363' title='bbox 634 4503 724 4546; x_wconf 87' lang='lat' dir='ltr'><strong>um</strong></span> <span class='ocrx_word' id='word_1_364' title='bbox 762 4505 1143 4547; x_wconf 77' lang='grc' dir='ltr'><strong><em>υπατενοντος,</em></strong></span> 
     </span>
    </p>
   </div>
  </div>
 </body>
</html>
