3200 5217
1233 490 1671 564 ...194

336 671 597 745 Maedi.“
681 679 897 742 Strabo
932 683 990 762 7,
1037 680 1111 741 fr.
1144 683 1230 743 36
1278 679 1652 761 Strymonem
1696 679 1764 756 ἐξ
1792 675 2131 761 Ἀγριανῶν
2177 669 2278 743 διὰ
2307 673 2571 744 Μαίδων

334 774 434 832 καὶ
479 774 732 833 Σίντων
776 771 961 832 fluere
1008 769 1170 831 dicit.
1251 770 1338 835 Cf.
1370 769 1649 850 Thucyd.
1699 774 1758 842 2,
1796 772 1908 845 983
1969 770 2182 850 Polyb.
2222 773 2323 846 10,
2358 773 2463 846 41,
2498 774 2568 848 43

334 861 469 922 Liv.
520 862 634 936 28,
685 863 755 936 53
829 862 944 935 36,
995 861 1108 937 25;
1181 860 1295 934 40,
1347 862 1459 937 22;
1532 862 1648 934 44,
1700 861 1804 920 26.
1897 861 2012 921 Dio
2060 858 2225 921 Cass.
2287 862 2404 934 51,
2454 864 2566 938 253

335 949 623 1029 Μέρδους
667 953 767 1011 καὶ
814 950 1109 1029 Σέρὸους.
1206 949 1406 1029 Steph.
1455 949 1597 1028 Byz.
1648 969 1693 1012 s.
1743 970 1843 1009 vv.
1902 951 2138 1011 Μαῖὸοι
2193 962 2254 1010 et
2287 945 2567 1022 ”edoma

515 1040 664 1100 Cum
725 1049 927 1100 tamen
990 1038 1067 1116 ad
1121 1040 1276 1117 ipsos
1321 1039 1654 1118 Strymonis
1710 1038 1903 1099 fontes
1948 1038 2341 1100 Dentheletas
2387 1059 2571 1121 supra

339 1129 856 1203 collocaverimus,
915 1127 1244 1208 indelvero
1291 1127 1623 1208 Strymonis
1666 1130 1836 1209 ripae
1879 1130 1998 1188 iam
2044 1129 2106 1188 in
2153 1149 2325 1209 prov.
2374 1129 2569 1190 Mace-

336 1216 540 1293 donia,
620 1240 742 1279 non
808 1220 872 1280 in
945 1239 1117 1299 prov.
1189 1218 1451 1278 Thracia
1514 1220 1664 1294 sint,
1744 1239 1986 1279 necesse
2062 1226 2153 1279 est
2218 1220 2570 1298 strategiam

334 1307 667 1368 Maedicam
728 1307 949 1369 Orbelo
1023 1317 1253 1382 monte,
1331 1306 1649 1389 Rhodopa,
1727 1309 1977 1368 Dunace
2056 1308 2566 1385 circumscribere;

334 1399 655 1459 verisimile
716 1400 874 1458 enim
948 1407 1039 1459 est
1098 1396 1344 1459 Maedos
1406 1406 1590 1459 totam
1652 1399 1957 1477 regionem
2020 1393 2175 1458 intei-
2237 1399 2570 1478 Strymonis

336 1489 705 1569 superiorem
753 1498 980 1565 partem
1012 1496 1074 1547 et
1102 1486 1454 1567 Rhodopam
1487 1486 1789 1563 habuisse,
1840 1507 1971 1548 cum
2021 1487 2187 1547 nulla
2233 1489 2354 1548 alia
2400 1508 2569 1568 gens,

340 1575 502 1658 quod
549 1580 751 1653 sciam,
802 1577 888 1638 ibi
934 1576 1242 1637 habitasse
1285 1576 1575 1637 tradatur.

512 1667 685 1744 Quae
731 1668 781 1728 si
829 1669 914 1726 ita
958 1678 1118 1742 sunt,
1167 1666 1475 1728 Maedicae
1519 1667 1844 1746 strategiae
1890 1676 2073 1747 caput
2120 1666 2232 1727 fuit
2262 1666 2572 1748 Nicopolis

338 1755 415 1816 ad
461 1756 734 1819 Nestum.

432 1896 558 1968 VI.
607 1895 945 1968 Drosica.

517 2010 829 2095 Odrysica
886 2008 1209 2088 legendum
1273 2028 1402 2069 esse
1455 2009 1707 2069 coniecit
1761 2007 2138 2084 Grashofius3
2202 2007 2277 2068 de
2321 2008 2567 2075 1)γωὶ-

330 2122 496 2185 para
513 2097 563 2179 1)
627 2118 867 2180 quoque
929 2100 1194 2176 cogitare
1253 2099 1478 2179 possis,
1557 2096 1719 2179 quod
1778 2105 1982 2157 tamen
2039 2095 2325 2178 oppidum
2385 2099 2565 2159 situm

337 2199 468 2250 erat
512 2189 772 2251 medium
818 2190 972 2249 inter
1018 2189 1245 2268 Bizyen
1290 2208 1361 2248 ac
1405 2187 1734 2248 Bisanthen
1783 2183 1876 2270 (in
1920 2188 2168 2264 regione
2214 2197 2284 2247 ut
2327 2185 2566 2248 videtur

334 2279 592 2342 Caenica
653 2279 728 2340 cf.
789 2278 947 2338 infra
1006 2299 1064 2358 p.
1116 2280 1223 2356 21)
1301 2297 1507 2359 neque.
1550 2275 1807 2338 ‘omnino
1885 2274 1961 2336 ad
2028 2278 2206 2338 situm
2280 2277 2563 2338 Drosicae

315 2371 675 2450 wtmtegiae,
727 2388 884 2450 quae
930 2366 1092 2448 apud
1138 2368 1545 2429 Ptolemaeum
1592 2375 1699 2441 est,
1748 2364 2021 2445 quadrat.

511 2460 752 2522 Miilleri
782 2459 970 2536 igitur
993 2458 1336 2518 coniectura
1357 2455 1669 2538 probanda
1691 2476 1819 2517 esse
1840 2455 2096 2535 videtur,
2127 2457 2230 2536 qui
2255 2455 2561 2516 Drosicam

336 2550 414 2612 ad
456 2551 739 2618 Trausos
768 2548 865 2608 vel
896 2547 1116 2615 Droas
1161 2548 1411 2622 rettulit,
1462 2566 1621 2628 quae
1665 2565 1816 2624 gens
1846 2546 2153 2624 regionem
2184 2543 2261 2605 ad
2292 2546 2561 2606 'Pi-auum

324 2648 549 2707 flumen
603 2641 668 2701 in
714 2635 1080 2699 Bistonidem
1136 2638 1333 2698 lacum
1380 2638 1588 2697 exiens
1633 2631 2035 2719 habitabat2).
2127 2636 2345 2715 Itaque
2398 2644 2561 2695 recte

327 2730 566 2798 videtur
610 2729 991 2790 Ptolemaeus
1039 2727 1346 2787 Drosicam
1400 2728 1572 2786 iuxta
1628 2723 1961 2785 Maedicam
2017 2722 2093 2785 ad
2148 2722 2560 2785 Macedoniam

329 2837 389 2888 et
449 2822 591 2883 litus
648 2819 828 2880 maris
872 2817 1108 2895 Aegaei
1163 2818 1459 2898 posuiss03
1523 2826 1709 2896 atque
1766 2814 1918 2874 haec
1972 2815 2261 2892 strategis
2317 2815 2561 2874 circum-

170 2945 177 2976 ι
329 2908 646 2978 scribenda
676 2927 804 2971 esse
834 2906 1073 2967 videtur
1101 2906 1286 2967 Nesto
1320 2906 1581 2988 flumine,
1625 2902 1960 2985 Rhodopae
1987 2904 2132 2983 iugo
2162 2902 2559 2978 meridionali,

326 3009 551 3068 Ismaro
596 3008 818 3082 monte,
865 3016 970 3057 ora
1016 2997 1196 3057 maris
1241 2997 1494 3075 Aegaei.
1901 2987 1908 2996 ’

418 3143 589 3216 VII.
640 3136 1038 3213 Coeletica.

506 3255 661 3316 Plin.
741 3253 804 3326 4,
883 3253 997 3310 41:
1070 3248 1373 3311 Celaletae
1433 3293 1448 3309 .
1485 3291 1500 3307 .
1535 3296 1549 3310 .
1620 3245 1900 3306 Coeletae
1976 3243 2232 3303 maiores
2308 3242 2560 3316 Haemo,

329 3349 586 3408 minores
627 3339 959 3422 Rhodopae
1006 3338 1247 3402 subditi.
1327 3337 1472 3398 Tac.
1508 3338 1664 3396 Ann.
1703 3337 1761 3409 3,
1808 3336 1919 3395 38:
1968 3331 2328 3407 Coelaletae,
2362 3331 2565 3392 valida

329 3456 501 3517 gens.
563 3433 717 3497 Ptol.
744 3426 1090 3509 Κοιλητική.
1164 3429 1447 3502 Dumont,
1483 3447 1541 3485 n.
1579 3427 1733 3485 62a:
1783 3418 2232 3500 Κοιλαλητικόν
2262 3419 2560 3496 πόλεμον.

330 3527 461 3588 CIL
509 3527 568 3600 3,
616 3546 674 3605 p.
714 3523 883 3582 857:
933 3519 1233 3582 Cololetic.

508 3615 657 3676 Cum
718 3631 864 3671 vero
911 3610 1151 3684 vallem,
1226 3608 1329 3687 qui
1398 3614 1488 3666 est
1548 3606 1705 3665 inter
1751 3604 2047 3663 Haemum
2109 3610 2168 3660 et
2227 3598 2565 3688 Rhodopen

331 3705 397 3787 (i.
448 3725 498 3768 e.
545 3703 620 3763 ad
684 3700 879 3761 Hebri
923 3698 1184 3759 fluminis
1245 3697 1611 3776 superiorem
1667 3692 1923 3774 partem)
1984 3691 2195 3750 Bessos
2255 3689 2564 3749 habitasse

331 3797 485 3856 inter
516 3812 717 3854 omnes
755 3798 988 3851 constat
1036 3786 1133 3873 (cf.
1166 3786 1322 3846 infra
1364 3806 1422 3865 p.
1461 3786 1589 3863 22),
1641 3783 1939 3844 Coeletica
1972 3780 2258 3858 strategia
2288 3777 2564 3854 ponenda

332 3895 419 3945 est
462 3883 527 3944 in
572 3885 705 3963 ipsa
749 3878 1043 3959 Rhodopa
1105 3887 1166 3936 et
1222 3874 1464 3958 quidem
1517 3875 1580 3934 in
1636 3873 1797 3932 valle
1846 3869 2045 3930 Ardae
2101 3869 2393 3941 fluminis,
2459 3868 2563 3947 qui

335 3976 494 4033 inter
536 3983 859 4050 utrumque
903 3970 1114 4047 iugum
1159 3963 1490 4045 Rhodopae
1538 3963 1724 4022 oritur
1771 3969 1832 4021 et
1876 3960 2024 4022 fluit.

366 4184 377 4196 .
467 4182 479 4195 .
514 4112 555 4181 ²)
593 4106 1108 4178 Terminatio-para
1157 4104 1413 4175 vel-pora
1462 4101 1518 4155 in
1565 4100 1760 4170 lingua
1797 4098 2071 4191 :Thracum
2120 4096 2340 4150 videtur
2376 4094 2564 4149 urbem

334 4179 875 4322 ⁸¹⁸m¹⁵23⁸⁸n⁸2}0af³‘5
891 4178 1145 4318 ,⁹2:³3¹3‘
1160 4193 1280 4304 ³21¹&
1313 4177 1418 4313 ἓὲῗ
1452 4167 2378 4312 230}&0513ffi3‘2‘f5k‘232w‘202
2412 4234 2564 4290 πόλις

336 4323 577 4381 Κελτοῦς
623 4323 719 4380 nbi
755 4322 1022 4379 Milllerus
1068 4319 1359 4377 emendare
1397 4316 1598 4372 statuit
1633 4311 1855 4398 nlnoiqv
1894 4308 2194 4377 Κοιλήταις.
2271 4308 2353 4363 cf.
2395 4307 2565 4394 etiam

338 4399 490 4454 Stob.
546 4396 735 4453 Floril.
795 4396 926 4463 120,
983 4396 1081 4450 24:
1142 4392 1474 4464 Τραυσιανοί,
1536 4387 1920 4443 emendatione
1982 4383 2301 4437 Adamantu
2362 4380 2564 4449 Corae3

341 4469 546 4527 Zenob.
584 4471 636 4540 5,
675 4469 770 4539 253
810 4466 931 4524 Val.
970 4466 1117 4524 Max.
1156 4466 1206 4534 2,
1245 4465 1296 4534 6,
1337 4466 1429 4533 123
1466 4459 1734 4532 Porphyr.
1773 4458 1841 4514 de
1877 4453 2080 4512 abst-in.
2115 4456 2169 4524 4,
2205 4453 2255 4511 8.
