3200 5217
1276 515 1712 575 ...13-

375 689 606 755 afferre,
685 689 985 751 Videntur
1032 692 1188 751 enim
1235 694 1551 772 scriptores
1599 692 1761 753 unde
1807 695 1895 754 illi
1926 694 2075 754 haec
2106 694 2439 755 hauserunt
2469 694 2618 755 nihil

370 778 536 840 aliud
569 780 901 856 tradidisse,
951 782 1067 841 nisi
1096 784 1240 862 imp.
1275 783 1706 858 Vespasianum
1738 783 2266 866 [Chersonesum]
2297 785 2615 846 Thraciam

374 870 452 928 ab
498 870 742 949 Europa
788 871 827 929 i.
864 890 916 930 e.
967 891 1003 929 a
1046 872 1355 951 provincia
1400 872 1657 932 Thracia
1702 875 2073 952 separavisse
2103 875 2407 955 Asiaeque
2453 873 2616 935 addi-

373 956 544 1019 disse.
625 960 720 1019 Ita
765 961 922 1020 enim
973 969 1034 1020 et
1077 962 1164 1019 ita
1209 961 1417 1034 solum,
1465 971 1533 1022 ut
1579 964 1808 1043 opinor,
1856 972 2018 1023 recte
2064 964 2320 1042 intelligi
2369 974 2619 1044 possunt

375 1050 690 1128 utriusque
735 1050 1038 1129 scriptoris
1084 1051 1295 1125 verba3
1345 1050 1531 1131 idque
1562 1052 1974 1132 Vespasianus
2005 1053 2216 1113 fecisse
2247 1056 2615 1133 potissimum

374 1136 537 1198 credi
566 1147 779 1217 potest,
816 1141 938 1219 qui,
975 1141 1266 1200 exstincta
1287 1141 1515 1201 familia
1538 1142 1920 1222 imperatoria
1940 1142 2228 1203 Iuliorum
2255 1152 2317 1203 et
2340 1143 2617 1204 Claudio-

369 1247 529 1301 rum,
587 1248 780 1288 novus
827 1229 1000 1289 homo
1046 1230 1360 1309 imperium
1408 1229 1663 1311 adeptus
1711 1240 1827 1305 est,
1876 1231 2149 1312 aliasque
2193 1253 2435 1314 quoque
2481 1254 2617 1314 pro·

367 1318 598 1378 vincias
643 1320 948 1378 constituit
993 1326 1098 1377 aut
1143 1320 1472 1400 ampliavit.

548 1406 685 1483 Qua
717 1428 849 1468 cum
881 1409 1177 1475 sententia
1207 1411 1428 1488 optime
1459 1411 1717 1470 concinit
1748 1408 1909 1491 quod
1940 1431 2121 1491 supra
2155 1413 2419 1488 exposui,
2453 1413 2609 1472 inter

368 1496 550 1556 Plinii
613 1505 674 1556 et
727 1497 1058 1557 Ptolemaei
1114 1507 1382 1578 tempora
1435 1501 1751 1560 terminum
1809 1499 2163 1561 Chersonesi
2218 1500 2295 1561 ad
2351 1510 2615 1561 austrum

372 1586 723 1646 translatum
801 1607 930 1648 esse
999 1590 1427 1669 regionemque
1497 1591 1655 1649 circa
1722 1589 2161 1668 Lysimachiam
2219 1600 2278 1652 et
2329 1590 2614 1671 Pactyam

370 1677 718 1756 provinciae
765 1676 1066 1738 Thraciae
1111 1676 1374 1739 additam
1424 1699 1573 1739 esse.

1311 1910 1508 1992 Caput
1552 1912 1665 1971 ΙΙΙ.

1267 2013 1724 2103 Strategiae.

554 2124 877 2184 Provincia
909 2125 1171 2185 Thracia
1203 2134 1344 2187 ante
1375 2125 1747 2200 divisionem,
1798 2146 1955 2207 quae
1985 2126 2347 2186 Diocletiani
2380 2126 2613 2203 dicitur,

374 2214 437 2273 in
474 2216 553 2274 14
579 2216 916 2301 strateqias
949 2215 1044 2275 vel
1067 2217 1342 2295 regiones
1365 2215 1559 2276 divisa
1583 2225 1690 2292 est,
1725 2224 1877 2277 teste
1900 2216 2244 2277 Ptolemaeo
2268 2215 2355 2297 (3,
2389 2220 2486 2297 11,
2517 2219 2614 2297 6);

366 2302 601 2363 Plinius
648 2312 849 2364 autem
897 2301 1105 2387 (4,40)
1152 2307 1573 2385 strategiarum
1620 2326 1933 2366 numerum
1980 2306 2065 2366 50
2106 2304 2308 2379 tradit,
2358 2326 2613 2386 quarum

375 2391 526 2453 duas
572 2402 806 2454 tantum
853 2395 1137 2473 nominat,
1184 2397 1454 2456 Asticam
1501 2406 1560 2456 et
1607 2394 1979 2457 Caenicam.'

548 2482 742 2559 Quam
792 2482 1034 2564 quidem
1080 2484 1546 2566 discrepantiam
1575 2486 1732 2545 inter
1763 2485 1943 2544 Plinii
1974 2485 2423 2566 Ptolemaeique
2453 2487 2613 2545 testi-

366 2574 566 2632 monia
620 2574 787 2633 varie
842 2574 1298 2653 explicaverunt
1351 2597 1448 2636 vv.
1509 2573 1607 2634 dd.
1700 2575 2027 2654 Kiepertus
2078 2572 2322 2658 (Lehrb.
2372 2597 2431 2655 p.
2483 2577 2610 2635 322

366 2660 504 2724 adn.
561 2664 652 2740 1);
703 2668 1099 2741 „otpa‘cnyc'ac
1147 2664 1333 2724 deren
1377 2664 1529 2724 Zahl
1576 2664 1732 2723 nach
1762 2664 1995 2724 Plinius
2030 2666 2114 2725 50
2161 2685 2442 2741 gewesen
2486 2666 2613 2724 sein

367 2751 498 2823 soll,
516 2753 727 2820 davon
758 2755 857 2834 14,
884 2753 1040 2812 nach
1066 2752 1183 2814 den
1204 2755 1711 2834 Hauptstttmmen
1733 2753 2020 2834 benannt,
2046 2754 2212 2813 fiihrt
2232 2753 2617 2814 Ptolemaeus

366 2842 730 2901 namentlich
766 2844 929 2905 auf.“
990 2842 1155 2904 Idem
1199 2842 1434 2904 videtur
1472 2845 1874 2904 Mommsenus
1905 2845 2143 2918 sentire,
2185 2844 2354 2905 Rom.
2391 2842 2610 2904 Gesch.

366 2933 426 3006 5,
479 2933 601 2991 281
654 2930 792 2995 adn.
846 2936 914 2993 2:
969 2933 1123 3006 „Die
1166 2934 1433 3020 fimfziy
1478 2933 1824 3012 Strategien
1867 2932 2269 2994 Thrakiens.“

544 3020 897 3102 Marquardt
935 3026 990 3096 1,
1025 3023 1184 3083 315:
1241 3023 1417 3095 „Wie
1447 3021 1870 3103 Cappadocien
1903 3020 2029 3082 und
2060 3022 2611 3095 Gross-Armenien,

366 3111 429 3169 in
477 3111 819 3190 Strategien
865 3110 1137 3190 getheilt,
1190 3110 1374 3173 deren
1404 3113 1553 3172 Zahl
1601 3112 1833 3172 Plinius
1868 3113 1979 3171 auf
2018 3112 2122 3184 50,
2171 3111 2323 3172 Ptol.
2374 3111 2484 3171 auf
2530 3113 2610 3172 14

367 3199 636 3277 angiebt,
685 3220 808 3261 was
855 3201 1157 3261 vielleicht
1203 3201 1375 3262 darin
1423 3203 1630 3262 seinen
1669 3200 1883 3262 Grund
1928 3202 2049 3274 hat,
2099 3200 2233 3260 dass
2281 3198 2468 3261 durch
2514 3200 2613 3260 die

363 3289 583 3349 Romer
635 3290 825 3350 selbst
870 3292 968 3351 ein
1013 3290 1194 3350 Theil
1238 3290 1554 3352 derselben
1598 3293 1676 3358 ‘in
1725 3288 2185 3358 Stc'idtebeeirlce
2229 3290 2614 3358 verwanddt

363 3377 607 3439 worden
650 3399 792 3455 war,
843 3382 954 3441 wie
998 3381 1107 3440 wir
1153 3378 1279 3441 dies
1323 3382 1387 3441 in
1434 3380 1553 3441 den
1598 3380 1956 3460 spanischen
1984 3380 2324 3440 Provinzen
2361 3380 2459 3440 fiir
2490 3378 2611 3439 die-

362 3468 529 3529 selbe
563 3469 700 3529 Zeit
730 3470 1190 3550 nachgewiesen
1221 3469 1478 3531 haben.“
1561 3469 2083 3530 Domaszewskius
2117 3468 2379 3548 denique
2413 3469 2613 3549 (AEM

330 3560 469 3637 ·10,
519 3581 578 3639 p,
617 3561 770 3637 240)
819 3562 1042 3620 rectius
1087 3559 1323 3621 videtur
1368 3558 1687 3634 indicasse,
1739 3580 1873 3620 cum
1914 3560 2132 3619 collato
2165 3558 2339 3618 titulo
2369 3558 2612 3637 Sorlyik

361 3657 600 3726 reperto
638 3647 721 3734 (v.
756 3670 939 3730 supra
975 3671 1035 3730 p.
1073 3651 1131 3723 7,
1181 3649 1319 3713 adn.
1360 3649 1422 3732 2)
1456 3650 1783 3709 Ptolemaei
1831 3651 2150 3728 strategias
2187 3650 2269 3707 14
2300 3649 2364 3707 in
2394 3649 2613 3707 multas

362 3734 682 3799 divisiones
730 3737 1016 3800 discretas
1063 3739 1247 3800 fuisse
1292 3749 1600 3800 statueret.

538 3827 623 3887 At
667 3849 791 3888 non
818 3828 1431 3909 praetermittendum,
1483 3827 1644 3909 quod
1675 3849 1859 3909 supra
1892 3827 1965 3888 de
1999 3827 2394 3910 descriptione
2425 3828 2608 3888 Plini-

359 3934 479 3975 ana
511 3916 773 3997 breviter
814 3920 1068 3999 exposui
1115 3918 1198 3999 (p.
1237 3920 1322 3999 3),
1373 3921 1551 3979 etiam
1583 3920 1910 3996 regionem,
1954 3938 2112 3998 quae
2143 3929 2351 3998 postea
2382 3918 2612 3978 Moesia

358 4005 612 4066 Inferior
669 4018 881 4068 vocata
937 4017 1057 4083 est,
1119 4007 1230 4068 sub
1278 4009 1575 4068 Thraciae
1622 4009 1861 4068 nomine
1905 4027 1942 4066 a
1986 4007 2183 4068 Plinio
2233 4007 2608 4089 descriptam,

365 4097 704 4175 provincias
758 4119 900 4158 vero
948 4118 1058 4158 nec
1103 4098 1425 4158 Thraciam
1469 4117 1582 4157 nec
1626 4099 1913 4158 Moesiam
1976 4098 2215 4158 omnino
2262 4116 2609 4159 commemo·

358 4195 519 4245 ratas
575 4207 722 4261 esse,
772 4207 1137 4269 quamquam
1185 4187 1446 4248 colonias
1487 4186 1798 4248 Claudiam
1845 4188 2179 4267 Aprensem
2226 4197 2290 4248 et
2333 4186 2607 4246 Flaviam

359 4276 647 4337 Deultum
693 4298 935 4354 prorsus
981 4279 1150 4339 novit
1181 4277 1435 4339 Plinius.
1506 4276 1761 4338 Videtur
1791 4278 1979 4355 igitur
2009 4278 2266 4357 primum
2297 4296 2374 4336 ex
2404 4276 2608 4355 aliquo

360 4374 602 4427 auctore
674 4367 1131 4449 descriptionem
1200 4387 1368 4428 suam
1438 4368 1785 4449 sumpsisse,
1859 4368 1964 4447 qui
2031 4376 2172 4427 ante
2242 4367 2608 4447 provinciam

357 4456 641 4520 Moesiam
684 4461 1065 4520 constitutam
1111 4460 1344 4540 scripsit
1388 4458 1551 4541 (licet
1590 4458 1890 4539 Agrippa,
1938 4458 2068 4517 sive
2106 4456 2259 4518 alius
2290 4457 2342 4517 is
2371 4456 2606 4537 fuerit);
