3200 5217
1514 537 1956 607 ...48⁶-

704 713 772 791 ὅ.
822 712 1167 809 Ignotus.
1260 722 1386 785 Sub
1433 724 1612 784 finem
1659 744 1814 787 saec.
1862 724 1941 789 ΙΙ.
1994 724 2159 806 (OIG
2210 716 2445 812 3751).

791 885 989 945 Etiam
1057 884 1171 945 sub
1233 882 1536 946 Gordiano
1597 893 1921 947 occurrunt
1990 895 2433 966 procuratores,
2520 887 2856 966 legatorum

613 976 910 1036 Thraciae
971 974 1300 1048 adiutores,
1370 985 1441 1034 ut
1500 972 1758 1040 videtur.
1852 975 1940 1037 Of.
2003 976 2242 1036 titulum
2308 977 2857 1057 Skaptoparensem

616 1066 856 1146 (Athen.
888 1064 1083 1129 Mitth.
1121 1066 1198 1124 16
1248 1086 1305 1145 p.
1343 1066 1466 1126 267
1502 1085 1590 1145 sq.
1628 1093 1714 1117 =
1739 1065 2006 1125 Dumont
2042 1087 2101 1145 p.
2135 1063 2293 1150 569)
2338 1066 2443 1130 lin.
2482 1069 2559 1126 19
2596 1075 2657 1128 et
2688 1064 2855 1149 34¹).

791 1156 1115 1235 Perperam
1161 1154 1527 1233 Borghesius
1573 1151 1661 1237 (3,
1726 1156 1853 1216 274
1900 1164 1960 1215 et
2008 1157 2067 1231 8,
2118 1152 2274 1239 449)
2331 1156 2668 1218 coniecerat
2725 1176 2855 1235 pro—

617 1255 917 1306 curatores
977 1265 1143 1324 prov,
1191 1244 1490 1304 Thraciae
1552 1242 1694 1305 inde
1740 1244 1818 1304 ab
1866 1265 1920 1311 a.
1972 1247 2053 1304 46
2111 1245 2329 1324 legatis
2386 1265 2547 1322 prov.
2595 1246 2855 1306 Moesiae

615 1336 914 1415 paruisse,
975 1336 1119 1413 quia
1166 1335 1340 1394 annis
1400 1336 1747 1395 111—113
1796 1334 2074 1414 Byzantii
2118 1335 2354 1414 legatos
2401 1334 2478 1395 ad
2525 1335 2856 1416 praesidem

614 1426 878 1486 Moesiae
923 1424 1231 1484 Inferioris
1263 1423 1649 1483 salutandum
1685 1425 2011 1504 quotannis
2057 1425 2287 1485 misisse
2318 1423 2637 1486 traduntur
2669 1422 2853 1508 (Plin.

613 1516 788 1595 epist.
851 1513 927 1573 ad
983 1514 1147 1575 Trai.
1200 1515 1280 1572 52
1332 1522 1394 1573 et
1444 1512 1573 1597 53).
1665 1513 1886 1594 Neque
1932 1515 2088 1573 enim
2139 1516 2378 1575 omnino
2424 1515 2555 1575 fieri
2597 1522 2853 1595 poterat,

609 1615 679 1665 ut
736 1611 1149 1684 procuratores
1196 1604 1541 1683 provinciae
1596 1605 1725 1683 (qui
1778 1604 1872 1664 sui
1932 1605 2077 1664 iuris
2124 1605 2319 1686 erant)
2375 1605 2493 1664 alio
2546 1605 2856 1685 paruerint

612 1714 792 1776 quam
854 1694 963 1754 soli
1022 1694 1383 1773 imperatori.
1474 1691 1594 1753 Sed
1655 1694 1766 1753 etsi
1820 1695 2181 1773 potuissent,
2238 1696 2481 1755 minime
2544 1693 2856 1775 probabile

614 1804 742 1844 esse
788 1782 1045 1858 videtur,
1094 1803 1228 1843 cum
1275 1784 1584 1862 provincia
1632 1782 1891 1842 Thracia
1940 1804 2097 1843 anno
2142 1786 2262 1843 iam
2311 1787 2392 1845 82
2425 1805 2487 1864 Ρ.
2521 1782 2659 1848 Chr.
2689 1783 2855 1861 lega-

612 1882 740 1934 tum
800 1875 1109 1954 proprium
1172 1873 1493 1953 acceperit,
1558 1892 1664 1948 per
1728 1873 1813 1932 30
1875 1892 2064 1934 annos
2121 1874 2443 1954 Byzantios
2498 1875 2562 1933 in
2623 1875 2856 1933 vicinae

612 1964 961 2044 provinciae
986 1963 1220 2041 legatos
1243 1962 1424 2021 talem
1448 1961 1732 2022 honorem
1757 1962 2095 2024 contulisse.
2129 1963 2287 2024 Vide
2304 1964 2481 2023 etiam
2502 1964 2852 2041 Mommsen,
2955 2016 2962 2022 .

610 2055 778 2115 Rom.
830 2051 1048 2114 Gesch.
1102 2053 1160 2126 5,
1210 2072 1268 2131 p.
1319 2052 1447 2112 280
1495 2050 1631 2115 adn.
1683 2054 1736 2112 2.

786 2143 1050 2222 Legatos
1111 2162 1202 2222 pr.
1266 2162 1357 2222 pr.
1415 2140 1713 2200 Thraciae
1774 2162 1892 2201 non
1940 2142 2280 2202 consulares
2341 2140 2448 2202 sed
2494 2142 2855 2227 praetorios

614 2234 775 2293 viros
821 2233 1026 2306 fuisse,
1089 2232 1245 2291 inter
1302 2250 1505 2291 omnes
1528 2281 1531 2286 .
1558 2240 1809 2294 constat.
1906 2232 2212 2292 Eiusmodi
2268 2231 2456 2311 legati
2513 2252 2692 2313 quam
2751 2230 2855 2292 diu

612 2321 938 2382 Thraciam
999 2322 1264 2381 rexerint
1325 2329 1485 2381 certo
1549 2319 1832 2380 traditum
1896 2342 2018 2381 non
2080 2334 2187 2382 est.
2296 2321 2443 2381 Post
2505 2320 2855 2381 divisionem

612 2413 876 2492 imperii,
939 2431 1097 2491 quae
1142 2410 1326 2488 vulgo
1373 2409 1736 2470 Diocletiani
1783 2409 2027 2485 dicitur,
2087 2431 2244 2491 quae
2287 2421 2498 2491 postea
2550 2411 2855 2492 appellata

614 2512 704 2562 est
754 2502 1094 2586 provincia
1151 2499 1435 2568 Thracia
1480 2499 1592 2560 sub
1640 2500 1972 2567 consulari
2017 2501 2132 2559 fuit
2178 2497 2390 2583 (Notit.
2439 2500 2604 2578 dign.
2656 2521 2738 2561 or.
2795 2504 2851 2575 1,

615 2594 728 2668 213
775 2591 1036 2651 Hierocl.
1074 2591 1251 2671 336).
1344 2591 1530 2649 Extat
1574 2598 1774 2649 tamen
1823 2590 2034 2650 titulus
2084 2587 2246 2673 (CIL
2289 2594 2348 2665 3,
2405 2586 2646 2674 12330)
2692 2588 2854 2649 unde

612 2690 866 2762 apparet
927 2682 1084 2740 circa
1145 2699 1332 2740 annos
1405 2681 1757 2740 341-344
1818 2700 1876 2760 Ρ.
1939 2679 2073 2744 Chr.
2137 2701 2257 2741 non
2319 2680 2689 2740 consularem
2749 2678 2853 2739 sed

601 2770 966 2857 praesidem
1010 2791 1068 2833 v.
1117 2790 1177 2849 p.
1227 2769 1526 2829 Thraciae
1573 2769 1989 2852 praefuisse2).

786 2859 983 2920 Index
1052 2861 1158 2941 qui
1223 2859 1515 2919 subicitur
1575 2860 1908 2938 legatorum
1969 2859 2132 2937 Aug.
2197 2879 2285 2939 pr.
2349 2879 2439 2940 pr.
2504 2860 2850 2940 provinciae

611 2950 906 3011 Thraciae
968 2952 1051 3010 49
1111 2948 1359 3010 exhibet
1412 2949 1652 3008 nomina
1713 2969 1822 3028 per
1883 2949 2143 3028 spatium
2208 2950 2336 3010 230
2390 2948 2515 3009 fere
2560 2969 2854 3010 annorum

611 3040 948 3107 (82-320
993 3060 1051 3120 p.
1103 3037 1292 3119 obn).

791 3129 919 3190 Sub
950 3129 1238 3203 Macrin0‚
1271 3128 1477 3212 Decio,
1514 3125 1918 3210 [Aemiliano],
1966 3127 2311 3202 Valeriano,
2361 3126 2655 3201 GallienO,
2708 3129 2849 3191 Aur.

612 3217 893 3300 Claudio,
949 3226 1134 3299 atque
1187 3219 1343 3278 inter
1389 3218 1785 3277 Aurelianum
1840 3230 1901 3278 et
1953 3217 2394 3277 Diocletianum
2452 3215 2854 3302 (275—284)

611 3309 762 3370 nulli
784 3310 972 3388 legati
997 3307 1201 3368 traditi
1224 3316 1392 3389 sunt,
1420 3308 1533 3367 nisi
1558 3308 1664 3388 qui
1687 3308 1843 3367 inter
1865 3308 2130 3368 incertae
2153 3309 2369 3368 aetatis
2392 3308 2627 3386 legatos
2643 3307 2849 3370 latent.

1099 3448 1373 3536 Legati
1418 3446 1860 3533 provinciae
1908 3445 2293 3518 Thraciae.
2313 3447 2367 3535 ⁸)

698 3557 758 3627 1.
807 3555 885 3626 Τ.
934 3554 1263 3628 Avidius
1314 3554 1656 3640 Quietus.
1750 3560 1926 3619 Anno
1977 3562 2078 3622 82.

791 3649 921 3711 CIL
956 3653 1014 3722 6,
1061 3651 1253 3712 3828.
1335 3649 1466 3710 CIL
1508 3652 1567 3724 3,
1621 3650 1747 3709 355
1776 3677 1860 3701 =
1887 3649 2024 3710 ch
2064 3651 2256 3710 3835.
2327 3647 2414 3711 cf.
2458 3645 2612 3712 Plin.
2659 3648 2849 3729 Epist.

617 3744 673 3816 1,
717 3743 785 3817 ⁵3
846 3742 904 3813 9,
953 3741 1051 3814 13,
1102 3741 1207 3816 153
1261 3743 1319 3815 6,
1363 3742 1465 3815 29,
1508 3743 1562 3804 1.
1597 3739 1754 3818 Eph.
1796 3740 1909 3819 Ep.
1955 3743 2013 3814 4,
2066 3735 2371 3804 500.—?
2434 3736 2565 3799 CIL
2608 3740 2666 3821 7,
2703 3739 2849 3801 570.

799 3896 843 3964 ¹)
882 3894 1057 3949 Alfius
1094 3893 1422 3949 Posidonius
1460 3894 1600 3964 (CIG
1640 3897 1798 3962 2047,
1836 3895 1978 3951 2048
2003 3918 2073 3941 -—-
2097 3896 2344 3950 Dumont
2376 3911 2467 3951 nn.
2503 3896 2578 3950 44
2613 3901 2672 3951 et
2706 3896 2773 3949 57
2790 3896 2852 3965 ⁸)

609 3982 719 4023 non
756 3965 977 4021 videtur
1010 3970 1340 4034 procurator
1375 3965 1698 4033 provinciae
1735 3967 1926 4022 fuisse.
2004 3966 2087 4022 of.
2130 3969 2370 4021 Dumont
2405 3982 2456 4037 p.
2495 3968 2617 4022 340.

792 4036 1024 4092 Flavius
1061 4037 1371 4108 Eugenitor
1408 4038 1676 4106 (Dumont
1697 4054 1749 4094 n.
1780 4039 1955 4109 1100)
1993 4038 2042 4093 si
2075 4043 2229 4094 recte
2255 4036 2655 4095 Chersonesum
2679 4037 2852 4092 Thra·

609 4110 751 4166 ciam
787 4124 939 4177 prov.
977 4106 1147 4164 Asiae
1182 4107 1476 4164 tribuimus
1513 4109 1705 4179 (snpra
1740 4127 1791 4179 p.
1822 4111 1927 4180 11),
1964 4111 2112 4166 inter
2152 4109 2424 4166 Thraciae
2460 4117 2851 4180 procuratores

607 4197 715 4236 non
750 4180 1074 4235 referendus
1112 4185 1216 4236 est.

793 4251 835 4322 ⁹)
877 4249 1036 4317 Quod
1073 4251 1409 4323 benignitati
1434 4251 1606 4307 debeo
1632 4252 1891 4324 magistri
1914 4252 2169 4309 venerati
2206 4253 2546 4322 Mommseni,
2586 4254 2680 4320 qui
2714 4252 2852 4308 folia

612 4323 874 4407 Auctarii
905 4323 1163 4406 Corporis
1216 4324 1323 4380 vol.
1362 4324 1475 4392 111,
1531 4325 1770 4379 nondum
1830 4324 2006 4395 edita,
2064 4340 2277 4380 summa
2326 4325 2590 4381 comitate
2639 4340 2850 4381 mecum

609 4404 1048 4451 communicavit.

793 4466 838 4536 ³)
878 4466 961 4523 Of.
988 4467 1315 4535 Marquardt
1344 4469 1390 4536 1,
1427 4484 1478 4537 p.
1506 4469 1615 4522 314
1639 4473 1697 4524 et
1721 4468 2033 4536 Liebenam‚
2070 4467 2176 4524 Die
2202 4469 2454 4540 Legaten
2476 4485 2528 4539 p.
2550 4467 2850 4524 389-396.

788 4539 852 4594 Τ.
892 4538 1277 4595 Trebellenum
1303 4538 1509 4595 Rufum
1535 4540 1688 4609 (Tac.
1718 4544 1856 4596 Ann.
1888 4544 1937 4609 2,
1976 4543 2045 4597 67
2058 4563 2070 4610 ;
2111 4541 2228 4595 CIL
2252 4543 2303 4610 5,
2345 4540 2502 4611 1878)
2539 4539 2724 4596 nescio
2751 4554 2850 4596 cur

614 4609 1000 4672 Leibenamius
1039 4611 1189 4669 inter
1224 4612 1444 4685 legatos
1480 4613 1624 4685 Aug.
1663 4627 1745 4685 pr.
1782 4629 1864 4684 pr.
1903 4613 2173 4670 Thraciae
2211 4613 2634 4670 enumeraverit.
