3200 5217
1475 509 1918 573 —16-..

742 689 931 750 Plane
976 690 1143 769 regio
1201 699 1291 749 est
1333 691 1500 749 urbis
1548 691 1765 767 Ulpiae
1812 689 2114 774 Serdicae‚
2162 708 2505 771 nomenque
2550 687 2736 751 habet
2779 710 2817 751 a

563 779 784 853 Serdis‚
833 789 1017 857 gente
1047 780 1338 840 Thracica
1371 777 1514 860 (Dio
1546 779 1708 843 Cass,
1743 781 1847 854 51,
1900 781 2010 840 25:
2061 778 2347 862 Σερδοι);
2396 782 2557 841 vicos
2602 780 2818 842 habuit

564 868 892 956 Mayarim
947 868 1106 949 (CIL
1167 872 1275 945 10,
1338 868 1534 950 1754)
1589 877 1652 929 et
1695 869 1978 943 fortasse,
2036 871 2085 928 si
2131 871 2532 931 Mommsenus
2579 871 2817 931 titulum

566 969 728 1020 recte
774 958 1092 1038 supplevit,
1139 958 1358 1025 Dietsi
1403 956 1482 1037 (P)
1530 958 1689 1038 (CIL
1737 959 1796 1033 6,
1848 959 2067 1038 2638).

743 1049 1045 1125 Strategia
1104 1046 1468 1107 Serdicensis
1537 1068 1574 1106 a
1635 1047 2054 1110 Dentheletica
2124 1058 2323 1109 monte
2388 1048 2620 1110 Scomio
2688 1052 2816 1111 sine

563 1138 746 1198 dubio
807 1126 1216 1218 separabatur.
1318 1138 1411 1198 De
1471 1140 1718 1215 regione
1779 1140 1935 1197 circa
1998 1139 2219 1199 Turres
2278 1137 2495 1220 (Pirot)
2552 1138 2818 1215 nondum

564 1229 708 1288 satis
754 1236 1003 1300 constat,
1051 1235 1122 1286 ut
1166 1246 1349 1308 sup1a
1398 1225 1623 1288 dictum
1668 1236 1775 1287 est.
1863 1228 1960 1287 Ex
2005 1227 2195 1288 altero
2241 1248 2384 1288 vero
2430 1228 2619 1289 latere
2663 1229 2814 1289 nihil

564 1318 781 1392 obstat,
854 1317 1172 1397 quominus
1219 1317 1539 1378 terminum
1601 1318 1929 1396 strategiae
1985 1316 2267 1377 Serdicae
2329 1318 2677 1378 orientalem
2737 1318 2815 1378 ad

562 1409 761 1466 vicum
814 1405 1124 1474 Soneium
1182 1404 1385 1491 (hodie
1439 1406 1566 1466 fere
1613 1406 1909 1466 Ichtiman
1955 1407 2054 1467 vel
2099 1408 2342 1467 Portam
2387 1407 2690 1486 Traiani),
2752 1409 2818 1468 in
2901 1489 2907 1492 Π

562 1499 665 1556 via
711 1494 957 1557 Serdica
986 1496 1345 1575 Byzantium
1391 1504 1680 1575 pergente
1730 1499 1814 1555 44
1859 1516 1939 1560 m.
1988 1518 2048 1577 p.
2097 1517 2148 1555 a.
2191 1495 2435 1557 Serdica
2477 1495 2814 1567 distantem,

566 1606 874 1663 ponamus,
910 1587 1017 1646 ubi
1047 1595 1257 1666 postea
1287 1586 1610 1646 confinium
1640 1586 1938 1647 Thraciae
1968 1586 2313 1667 Daciaeque
2345 1585 2818 1648 Mediterraneae

560 1676 675 1736 fuit
723 1673 890 1759 (Itin.
938 1675 1278 1756 Hierosol.).

741 1765 1095 1825 Provinciae
1149 1766 1306 1826 enim
1354 1766 1578 1825 Daciae
1622 1764 2100 1826 Mediterraneae
2154 1765 2232 1825 ab
2287 1767 2435 1847 imp.
2482 1766 2814 1826 Aureliano

565 1857 720 1915 circa
752 1875 806 1915 a.
845 1855 970 1916 275
1005 1856 1360 1915 constitutae
1386 1847 1764 1935 (Marquardt
1801 1860 1856 1929 1,
1892 1856 2067 1935 312),
2101 1854 2343 1915 additae
2374 1863 2517 1916 sunt
2538 1857 2816 1935 regiones

566 1943 810 2006 Serdica
842 1952 901 2004 et
929 1944 1349 2005 Dentheletica
1383 1944 1580 2022 (If-HG
1612 1947 1673 2018 4,
1709 1966 1767 2025 Ρ.
1809 1943 1981 2028 126),
2015 1944 2330 2024 metropoli
2358 1945 2519 2004 facta
2550 1944 2815 2009 Serdica.

565 2033 676 2094 Cui
723 2035 905 2094 aetati
951 2032 1306 2093 tribuendus
1353 2054 1480 2104 esse
1513 2032 1752 2093 videtur
1781 2034 1990 2094 titulus
2024 2034 2152 2096 CIL
2187 2036 2246 2116 6,
2299 2035 2500 2095 2605:
2548 2036 2816 2103 natione

562 2124 844 2191 Dacis-ca
889 2125 1149 2209 reqione
1194 2122 1473 2190 Serdica.

653 2279 794 2350 III.
845 2277 1308 2351 Usdicesioa.

742 2391 925 2455 Ptol.:
977 2386 1408 2471 Οὐσὸικησική.
1505 2391 1636 2454 CIL
1686 2395 1744 2468 6,
1798 2395 2000 2455 2807:
2050 2394 2213 2457 cives
2260 2393 2631 2471 Usdicensis,
2679 2395 2811 2454 vico

568 2485 927 2562 Aeatapara.

748 2570 1111 2631 Coniectura
1156 2572 1262 2631 illa
1310 2572 1582 2632 Grashofi
1632 2570 1823 2654 (apud
1871 2573 1935 2632 C.
1970 2572 2209 2645 Miiller,
2257 2574 2321 2632 in
2350 2572 2507 2636 Ptol.
2557 2593 2616 2652 p.
2654 2573 2805 2652 478)

568 2681 676 2740 pro
726 2655 1136 2738 Οὐσὸικησική
1198 2660 1521 2740 legendum
1583 2681 1709 2721 esse
1759 2657 2231 2739 Οὐσκουδαμική
2251 2659 2332 2745 ¹),
2396 2663 2571 2723 titulo
2630 2672 2807 2743 q'uem

569 2752 849 2825 praemisi
896 2770 1138 2830 prorsus
1184 2751 1499 2824 refutatur,
1548 2772 1748 2831 neque
1793 2754 2031 2812 omnino
2080 2754 2368 2830 strategia
2408 2751 2576 2830 haec,
2627 2771 2806 2832 quam

565 2840 945 2900 Ptolemaeus
992 2838 1068 2898 ad
1114 2840 1411 2901 Haemum
1459 2841 1743 2914 collocat,
1802 2842 1865 2901 in
1911 2843 2220 2918 regionem
2267 2843 2424 2900 circa
2470 2839 2807 2901 Hadriano·

568 2930 746 3005 polim
790 2930 1098 2988 transferri
1144 2950 1316 3009 posse
1347 2929 1601 2991 videtur.
1682 2918 1886 3005 Quare
1932 2941 1992 2990 et
2028 2931 2269 2991 Miilleri
2315 2931 2535 3010 opinio,
2586 2924 2800 2992 Οὐσὸι-

567 3012 821 3097 κησικὴν
881 3018 1064 3078 fuisse
1125 3021 1428 3098 regionem
1492 3021 1652 3079 circa
1712 3018 1995 3101 oppidum
2056 3020 2436 3088 Ostudizum
2497 3018 2685 3101 (quod
2744 3021 2807 3078 in

567 3109 894 3167 Itinerariis
942 3109 1018 3167 ab
1065 3107 1497 3189 Hadrianopoli
1549 3111 1630 3169 18
1677 3130 1754 3169 m.
1787 3131 1849 3190 p.
1884 3130 2095 3169 versus
2142 3111 2429 3170 orientem
2474 3108 2805 3170 meridiem-

569 3218 688 3276 que
737 3195 1009 3280 ponitur)
1057 3197 1360 3259 reicienda
1407 3207 1525 3273 θεῖ-,ς
1574 3220 1713 3259 nam
1761 3199 1821 3259 id
1870 3219 2115 3280 quoque
2136 3198 2434 3288 pppidum
2465 3195 2645 3260 situm
2677 3207 2807 3258 erat

480 3346 485 3350 ,
566 3288 632 3345 in
689 3289 938 3364 regione
998 3286 1604 3369 Hadrianopolitana,
1676 3290 1762 3347 ita
1821 3298 1889 3348 ut
1944 3288 2184 3349 Miilleri
2246 3291 2586 3349 coniectura
2648 3287 2806 3347 idem

567 3377 765 3455 ipsum
813 3376 1054 3454 efficiat,
1105 3376 1264 3457 quod
1313 3377 1607 3452 Grashofi,
1659 3398 1840 3458 quam
1885 3378 1989 3438 ille
2034 3388 2361 3459 spreverat.

744 3467 829 3526 At
862 3468 912 3525 si
942 3465 1274 3527 Ptolemaei
1321 3468 1689 3527 enumeratio
1721 3466 1839 3526 fide
1872 3465 2056 3545 digna
2091 3476 2200 3548 est,
2249 3467 2599 3529 Usdicesica
2629 3467 2806 3528 collo-

570 3554 758 3616 canda
805 3563 894 3615 est
940 3556 1016 3614 ad
1062 3556 1361 3616 Haemum
1406 3567 1693 3629 montem,
1757 3555 1953 3617 media
2007 3558 2163 3617 inter
2217 3577 2347 3634 reg.
2398 3556 2703 3618 Serdicam
2749 3566 2808 3616 et

566 3666 695 3723 reg.
747 3645 1114 3726 Selleticam,
1178 3666 1335 3726 quae
1396 3647 1610 3706 ultima
1656 3657 1785 3706 erat
1828 3646 2006 3706 Ponti
2049 3647 2225 3707 litora
2269 3667 2498 3711 versus.
2589 3647 2806 3727 Itaque

567 3735 769 3794 fauces
813 3735 1060 3804 Haemi,
1127 3755 1283 3815 quae
1328 3734 1505 3796 hodie
1549 3734 1829 3820 Sohipka
1873 3736 2283 3817 appellantur,
2349 3738 2414 3795 in
2459 3734 2805 3797 Usdicesica

569 3817 768 3900 erant3
842 3825 974 3884 c'um
1045 3837 1244 3885 autem
1323 3827 1650 3906 praecipue
1717 3846 1827 3905 per
1895 3826 2030 3885 illas
2098 3826 2301 3887 fauces
2369 3825 2806 3906 Nicopolitanis

568 3913 928 3974 Istrensibus
961 3912 1160 3975 aditus
1192 3927 1349 3975 esset
1381 3916 1729 3995 provinciae
1760 3915 2058 3975 Thraciae
2073 3912 2149 3996 2),
2198 3925 2453 3996 apparet
2482 3915 2807 3992 strategiae

568 4002 956 4064 Usdicesicae
999 4005 1303 4081 regionem
1350 4005 1656 4085 Nicopolis
1702 4003 1780 4063 ad
1826 4006 2044 4065 Istrum
2090 4005 2376 4065 tributam
2423 4025 2571 4068 esse.

748 4091 924 4168 Quod
996 4095 1179 4153 etiam
1246 4096 1377 4174 ipso
1449 4096 1780 4172 strategiae
1848 4096 2090 4154 nomine
2152 4094 2486 4154 confirmari
2547 4092 2802 4157 videtur.

752 4249 794 4319 ¹)
843 4248 1151 4304 Uscudama
1199 4265 1394 4307 nomen
1443 4258 1604 4306 vetus
1647 4249 2075 4320 Hadrianopolis
2123 4249 2325 4320 fuisse,
2372 4257 2627 4306 auctores
2676 4256 2806 4306 sunt

569 4320 838 4375 Ammian.
882 4323 963 4387 14,
1006 4323 1086 4387 11,
1139 4322 1204 4375 15
1254 4328 1314 4378 et
1360 4321 1552 4377 Rufius
1588 4322 1794 4377 Festus
1841 4320 2003 4379 Brev.
2042 4324 2092 4378 9.
2178 4322 2481 4392 Eutropius
2535 4338 2666 4378 vero
2716 4323 2805 4391 6,8

570 4392 867 4448 Bessorum
907 4392 1167 4462 oppidum
1204 4393 1379 4448 fuisse
1416 4393 1609 4450 tradit.
1684 4393 1765 4449 Of.
1804 4392 1953 4449 infra
1990 4395 2089 4450 sub
2127 4393 2541 4467 Hadrianopoli.

750 4463 796 4536 ²)
834 4464 1153 4531 Mommsen,
1191 4463 1311 4520 011.
1347 4467 1397 4533 3,
1435 4482 1487 4535 Ρ.
1529 4466 1684 4523 1336.
