3200 5217
1528 555 1967 617 -22-

806 738 1186 799 Ptolemaeus
1233 737 1458 819 pergit:
1517 738 1674 809 „Kal
1724 731 1879 814 ὑπὲρ
1924 736 2040 810 μὲν
2086 729 2200 816 τὴν
2235 728 2555 813 ’Μαιδικὴν
2585 729 2866 815 Βεσσική,

630 824 717 906 ὑφ
764 823 865 906 ’ἣν
911 824 1192 906 Βεννικὴ,
1241 823 1373 888 εἶτα
1418 822 1770 904 Σαμαὶ·κὴ.“

719 967 858 1042 XL
906 965 1243 1038 Bessica.

811 1063 1130 1122 Bessorum
1189 1081 1340 1140 gens
1400 1081 1637 1140 semper
1702 1061 1860 1119 inter
1919 1059 2319 1121 validissimas
2392 1069 2455 1121 et
2516 1059 2874 1121 clarissimas

631 1153 930 1213 Thraciae
988 1151 1130 1228 fuit,
1194 1159 1316 1210 tam
1371 1149 1738 1229 temporibus
1800 1170 2015 1228 regum
2060 1148 2452 1211 Macedoniae
2516 1170 2699 1231 quam
2759 1148 2875 1209 sub

633 1243 883 1323 imperio
940 1240 1150 1321 populi
1193 1240 1465 1301 Romani.
1557 1240 1776 1319 Neque
1832 1239 2024 1300 solum
2081 1240 2146 1299 in
2190 1238 2450 1300 Thracia
2512 1241 2647 1321 ipsa
2702 1236 2873 1299 sedes

634 1331 953 1392 habuisse-
989 1329 1272 1390 videntur
1318 1329 1519 1403 Bessi,
1592 1328 1698 1388 sed
1766 1329 1947 1388 etiam
2016 1329 2081 1388 in
2139 1327 2520 1404 Macedonia,
2589 1328 2874 1407 Paeonia,

634 1420 956 1482 Dardania.
1073 1418 1160 1483 Of.
1221 1417 1447 1479 Herod.
1516 1421 1584 1492 7,
1655 1421 1809 1494 1113
1890 1418 2087 1478 Strab.
2157 1422 2223 1492 7,
2291 1420 2419 1480 318
2488 1427 2551 1478 et.
2615 1419 2689 1480 fr.
2755 1419 2876 1493 483

634 1511 790 1572 Plin.
840 1513 901 1589 4,
950 1510 1070 1584 403
1120 1509 1294 1571 Dion.
1328 1507 1598 1568 Cassium
1648 1508 1751 1582 51,
1806 1510 1887 1569 24
1936 1518 1996 1567 et
2043 1509 2150 1587 44,
2202 1511 2306 1581 34,
2355 1528 2465 1568 nec
2511 1528 2633 1569 non
2672 1506 2877 1568 titulos

634 1598 965 1680 permultos
1029 1598 1284 1658 militum
1301 1643 1316 1671 ,
1387 1598 1493 1678 qui
1554 1617 1620 1657 se
1680 1598 1893 1658 Bessos
1962 1595 2322 1678 domumque
2392 1596 2507 1657 sibi
2570 1598 2638 1658 in
2697 1596 2878 1657 variis

641 1686 876 1770 oppidis
922 1686 1222 1747 Thraciae
1284 1697 1391 1747 aut
1435 1685 1781 1746 Dardaniae
1837 1707 1967 1747 esse
2028 1688 2385 1767 profitentur
2402 1684 2479 1771 1).
2571 1686 2769 1747 Etiam
2813 1687 2876 1745 in

643 1779 885 1859 Illyrico
931 1778 1106 1837 Bessi
1153 1788 1473 1838 occurrunt
1522 1775 1813 1861 (Appian.
1862 1775 2029 1856 Illyr.
2084 1775 2209 1856 16).

822 1867 1159 1947 Praecipue
1236 1876 1438 1927 tamen
1504 1866 1619 1926 sub
1677 1866 1910 1926 Haemo
1972 1864 2049 1925 ad
2111 1866 2303 1927 Hebri
2363 1866 2624 1927 fluminis
2685 1865 2877 1925 fontes

636 1957 810 2019 sedes
858 1955 1145 2017 habuisse
1174 1957 1389 2016 Bessos
1438 1964 1671 2016 constat
1716 1974 1749 2014 e
1789 1954 2082 2016 Strabone
2116 1956 2175 2028 7,
2222 1977 2290 2036 p,
2321 1955 2479 2031 3183
2529 1957 2742 2017 Βεσσοὶ
2791 1954 2876 2026 δέ,

639 2049 817 2125 οἵπερ
865 2041 940 2107 τὸ
986 2045 1181 2106 πλέον
1228 2046 1341 2105 τοῦ
1388 2038 1581 2124 ὅρους
1628 2044 1921 2117 νέμονται
1963 2045 2079 2106 τοῦ
2109 2046 2314 2118 Αἵμου
2334 2093 2347 2108 .
2372 2095 2383 2107 .
2408 2093 2422 2108 .
2459 2040 2882 2115 συνάπτοντες

640 2137 712 2213 τῇ
756 2132 1086 2212 (Ροδόπῃ.“
1184 2133 1272 2197 cf.
1309 2135 1379 2198 fr.
1433 2138 1544 2198 47:
1594 2134 1969 2212 παροικοῦσι
2016 2135 2082 2194 δὲ
2129 2129 2242 2196 τὸν
2287 2130 2542 2213 εἘβρον
2574 2138 2881 2212 Κορπτλοι

639 2228 741 2287 καὶ
770 2224 994 2303 Βρένοι
1041 2224 1203 2304 (lege
1232 2222 1481 2307 Βέννοι)
1531 2221 1618 2285 ἔτι
1652 2221 1972 2303 ἀνωτέρω,
2020 2227 2121 2284 καὶ
2151 2221 2400 2300 ἔσχατοι
2434 2226 2670 2285 Βεσσοί.
2702 2221 2881 2299 μέχρι

641 2310 760 2393 γὰρ
808 2315 996 2392 δεῦρο
1045 2309 1080 2374 ὁ
1128 2306 1463 2386 ἀνάπλους.
1560 2312 1647 2375 Cf.
1694 2312 1908 2391 Polyb.
1961 2315 2073 2385 24,
2137 2318 2202 2388 6,
2270 2315 2341 2388 43
2403 2313 2537 2374 Liv.
2589 2314 2706 2387 39,
2765 2313 2878 2389 533

644 2407 893 2484 Eutrop.
945 2404 1004 2476 6,
1060 2404 1175 2479 103
1225 2402 1439 2464 Festus
1485 2403 1665 2463 Brev.
1718 2405 1774 2463 9.

830 2494 1131 2572 Strategia
1192 2493 1379 2570 igitur
1424 2493 1667 2554 Bessica
1723 2490 1959 2552 videtur
2007 2512 2282 2572 campum
2327 2493 2485 2571 fere,
2558 2493 2664 2573 qui
2712 2491 2880 2552 urbis

644 2583 1083 2664 Philippopolis
1130 2592 1395 2659 vocatur,
1447 2581 1755 2658 complexa
1801 2602 1949 2660 esse,
1997 2582 2168 2641 finita
2213 2602 2251 2642 a
2296 2579 2544 2643 meridie
2588 2578 2887 2662 Rhodopa

643 2681 879 2748 monte,
943 2670 1021 2731 ab
1080 2670 1386 2732 occidente
1449 2673 1754 2749 strategiis
1799 2670 2075 2732 Maedica
2120 2682 2179 2731 et
2221 2670 2500 2750 Serdica,
2564 2691 2603 2731 a
2648 2679 2885 2752 septen-

648 2761 943 2823 trionibus
1006 2762 1307 2838 strategiis
1354 2760 1597 2822 Serdica
1659 2772 1720 2822 et
1762 2760 2140 2835 Usdicesica,
2203 2760 2282 2821 ab
2344 2762 2570 2823 oriente
2615 2759 2889 2821 Samaica

640 2852 926 2926 Bennica,
975 2849 1247 2930 Sapaica.
1683 2917 1688 2924 ,

827 2940 1027 3021 Caput
1059 2941 1186 3001 eius
1208 2939 1647 3022 Philippopolis
1679 2941 1821 3016 fuit3
1856 2940 2073 3002 habuit
2095 2949 2156 3001 et
2177 2940 2389 3002 urbem
2413 2940 2888 3021 antiquissimam

645 3032 1062 3111 Bessaparam.
1173 3029 1459 3090 Vicorum
1520 3030 1780 3090 civitatis
1840 3030 2432 3110 Philippopolitanae
2501 3035 2575 3090 15
2647 3031 2890 3089 nomina

649 3121 920 3181 invenies
981 3120 1047 3179 in
1106 3119 1393 3179 laterculo
1450 3121 1964 3199 praetorianorum
2021 3140 2077 3181 a.
2131 3122 2254 3180 227
2320 3142 2379 3204 p.
2430 3118 2569 3180 chr.
2618 3118 2776 3201 (011.
2825 3122 2885 3193 6,

654 3211 846 3288 2799,
897 3209 971 3269 cf.
1020 3210 1303 3280 Dumont,
1351 3229 1412 3288 p.
1449 3210 1624 3286 483).

736 3347 908 3418 XII.
957 3347 1195 3418 Benni
1205 3365 1316 3417 ca.

826 3441 991 3501 Infra
1013 3441 1316 3501 Bessicam
1332 3442 1449 3501 sita
1465 3450 1609 3521 erat,
1637 3440 1964 3502 secundum
1989 3441 2400 3502 Ptolemaeum
2419 3437 2490 3522 ²),
2524 3442 2583 3500 in
2607 3439 2890 3500 inferiore

649 3531 777 3593 scil.
827 3531 925 3592 vel
962 3529 1160 3591 media
1192 3539 1364 3612 parte
1393 3532 1655 3592 fluminis
1685 3531 1896 3606 Hebri,
1945 3529 2007 3590 id
2054 3530 2217 3611 quod
2263 3533 2643 3592 confirmatur
2687 3530 2891 3591 verbis

653 3620 963 3683 Strabonis
1012 3618 1100 3702 (7,
1148 3619 1221 3684 fr.
1257 3623 1338 3680 47
1344 3620 1402 3705 ):
1470 3621 1842 3701 παροικοῦσι
1890 3622 1956 3681 δὲ
2002 3615 2119 3682 τὸν
2151 3611 2388 3697 Ἕβρον
2437 3626 2744 3698 Κορπῖλοι
2788 3621 2892 3679 καὶ

652 3710 872 3790 Βρένοι
907 3710 1073 3792 (lege
1097 3709 1279 3771 Βένοι
1303 3731 1411 3771 seu
1434 3708 1683 3795 Βέννοι)
1707 3708 1792 3770 ἔτι
1825 3705 2141 3787 ἀνωτέρω,
2185 3708 2275 3770 εἶτ
2307 3708 2576 3786 ’ἔσχατοι
2611 3712 2841 3771 Βεσσοί.
2859 3714 2887 3743 ‘⁴

840 3867 880 3937 ¹)
917 3864 1036 3920 CIL
1075 3866 1136 3935 6,
1193 3869 1361 3922 3177:
1427 3872 1571 3938 „naa
1625 3866 1834 3921 Bessus
1885 3865 2074 3922 Claud.
2122 3866 2342 3938 ApriS.“
2420 3865 2537 3921 CIL
2585 3868 2678 3934 10,
2730 3865 2891 3920 1754:

659 3942 770 3994 nat.
809 3936 1024 3992 Bessus
1073 3942 1238 3993 natus
1286 3955 1400 4009 req.
1438 3937 1723 3994 Serdica.“
1799 3938 1917 3994 CIL
1954 3940 2013 4005 6,
2071 3938 2236 3994 3205:
2290 3943 2435 4008 „nat
2475 3937 2689 3992 Bessus
2735 3935 2893 3990 domo

663 4009 916 4081 Scupi5.“
980 4009 1072 4064 Ita
1110 4009 1464 4079 explicandus
1502 4015 1590 4066 est.
1626 4010 1823 4080 ingens
1862 4025 2120 4065 numerus
2146 4009 2460 4078 Bessorum,
2499 4008 2594 4078 qui
2626 4009 2684 4063 in
2709 4007 2894 4063 titulis

657 4079 997 4137 militaribus
1036 4087 1346 4137 occurrunt.
1446 4081 1529 4137 cf.
1571 4082 1902 4150 Mommsen,
1964 4081 2196 4137 Hermes
2255 4083 2346 4148 10,
2402 4081 2508 4135 465
2566 4080 2689 4135 adn.
2746 4081 2781 4134 2
2838 4087 2899 4132 et

657 4152 895 4208 Hermes
926 4152 1007 4220 19,
1046 4154 1132 4219 24,
1170 4152 1293 4209 adn.
1323 4156 1370 4208 7.
1434 4151 1648 4209 Milites
1675 4152 1883 4209 Bessos
1910 4151 2233 4223 simpliciter
2257 4151 2438 4209 dictos
2469 4184 2520 4192 -
2557 4148 2895 4216 classiarios,

661 4223 1017 4307 legio-uarios,
1055 4224 1438 4293 praetorianos
1476 4254 1543 4265 —
1583 4225 1869 4296 congessit
1904 4224 2155 4280 Homolle
2190 4223 2484 4350 §Dumonn
2520 4239 2573 4293 p.
2607 4223 2748 4294 496).
2809 4220 2895 4277 De

659 4295 850 4351 Bessis
897 4310 1156 4350 universe
1215 4296 1285 4354 cf.
1333 4295 1701 4366 Tomaschek,
1764 4295 2148 4366 Sitzungsber:
2227 4339 2239 4351 .
2289 4294 2469 4352 Wien.
2517 4293 2691 4350 Akad.
2741 4293 2896 4362 1869,

660 4384 712 4437 p.
741 4367 844 4423 351
874 4383 953 4435 sq.
982 4370 1041 4422 et
1065 4365 1305 4437 Jirecek,
1345 4366 1449 4424 Die
1485 4367 1845 4424 Heerstrasse
1880 4383 1932 4437 p.
1961 4368 2048 4436 39,
2085 4370 2176 4420 40.

847 4438 890 4510 ⁹)
928 4439 1039 4492 Cur
1095 4443 1279 4495 tamen
1337 4440 1442 4494 hoc
1496 4439 1622 4496 loco
1675 4438 2012 4510 impediatur
2057 4454 2109 4496 v.
2162 4438 2211 4493 d.
2261 4438 2554 4506 Mffllerus,
2611 4435 2899 4505 quominus

666 4506 756 4582 ὑφ’
787 4507 853 4576 5221
889 4509 1060 4584 legat,
1101 4515 1157 4565 et
1195 4508 1249 4565 id
1290 4510 1504 4583 quidem
1542 4516 1770 4583 propter
1794 4511 1966 4568 verba
1992 4509 2275 4568 Strabonis
2312 4509 2403 4582 (fr.
2428 4510 2537 4579 47),
2574 4523 2684 4566 non
2717 4506 2895 4567 video.
